3834 5767
728 335 778 396 DE
800 336 918 398 ustus
942 337 1118 399 rusticis
1660 352 1717 406 205

125 461 303 542 βουλομένοις,
313 483 372 519 non
384 483 451 520 vero
465 465 530 519 solis
543 463 683 534 Laciadis,
694 475 726 518 ut
738 466 898 520 Aristoteles
944 466 1013 520 riam
1022 467 1419 541 fragmentalracrdevenerint,
1425 478 1484 523 tum
1492 468 1606 524 demum
1613 469 1719 547 fingere

125 551 250 610 tradidit.
270 554 376 607 Verum
396 552 503 607 etiamsi
525 569 560 606 ne
587 569 659 605 unus
680 550 793 623 quidem
820 551 898 606 locus
942 553 1127 623 probabiliter
1144 555 1223 624 licet,
1247 555 1297 620 uhi
1314 556 1375 608 aliis
1389 555 1500 610 indiciis
1519 557 1556 611 ad
1574 559 1628 612 tale
1648 561 1718 630 quid

123 650 257 705 exstaret,
281 656 340 711 quo
361 638 497 694 dissensus
523 638 677 694 Heraclidis
697 646 725 693 et
743 639 897 693 Aristotelis
940 639 1265 715 statuendumeogimur.
1279 642 1390 713 Quanto
1398 643 1527 716 longrus
1519 645 1605 719 igitur
1615 648 1718 718 petitus

123 725 303 797 probaretur,
324 735 409 797 atque
433 725 539 780 etiamsi
561 741 664 798 negare
686 725 771 780 velles
783 737 896 779 utrum-
940 735 981 778 est
1001 727 1162 782 Heraclides
1184 727 1300 800 quidam
1322 739 1483 801 excerptor,
1509 739 1586 783 tanto
1609 731 1718 786 facilins

122 829 177 883 que
197 828 232 866 ex
253 811 352 866 iisdem
366 811 490 866 fontibus
506 811 640 879 hausisse,
656 810 700 866 vel
720 811 894 880 hircanum,
939 809 1080 883 plen'sqne
1093 829 1150 867 sese
1172 813 1274 866 obtulit
1296 812 1458 868 Heraclides
1471 815 1617 885 Ponticus,
1631 835 1717 890 quern

121 897 200 968 quod
220 899 293 953 inter
314 899 406 953 varios
427 897 590 954 Heraclides
610 898 723 952 nonnisi
746 900 893 954 Ponticum
941 893 1008 974 Περὶ
1016 893 1118 970 νόμων,
1132 895 1198 976 [lapi
1207 897 1290 974 ἀρχῆς
1300 895 1345 954 καὶ
1358 894 1392 954 τὰ
1408 902 1519 976 συγγενῆ
1534 897 1632 966 τούτοις
1647 907 1716 959 scri-

120 984 321 1058 philosophnm
331 983 367 1040 de
376 985 461 1040 rebus
473 985 595 1058 politicis
604 984 743 1058 scripsisse
754 985 893 1053 novimus,
939 985 1024 1056 psisse
1035 987 1202 1058 accepimus.
1216 986 1380 1040 Politiarurn
1392 986 1507 1059 quidem
1521 1005 1592 1061 opus
1608 987 1717 1046 disertis

120 1071 220 1126 isvero
231 1071 388 1127 Aristotelis
400 1071 553 1144 discipulus
564 1071 631 1138 fuit,
644 1071 699 1126 hoc
713 1090 801 1126 unum
816 1069 895 1126 sufli—
938 1071 1032 1126 verbis
1055 1089 1192 1144 nusquam
1216 1083 1401 1140 memoratur-3
1426 1073 1456 1128 id
1480 1091 1549 1129 vero
1571 1093 1632 1130 rem
1655 1097 1716 1132 non

120 1167 211 1224 reret,
225 1167 257 1211 ut
267 1175 416 1213 consensus
429 1159 478 1230 qui
489 1159 563 1214 inter
574 1158 740 1214 Heracliden
751 1168 779 1214 et
787 1160 893 1215 Aristo-
938 1157 1053 1212 dirimit
1067 1160 1141 1213 Num
1158 1157 1194 1212 de
1205 1159 1359 1214 Dicaearchi
1372 1160 1479 1215 Politiis
1496 1172 1649 1232 constaret,
1662 1168 1714 1220 nisi

120 1245 183 1298 telia
196 1243 352 1318 fragmenta
362 1244 593 1316 deprehenditur,
608 1245 819 1317 explicationem
832 1244 893 1300 ido·
938 1242 1037 1299 Cicero
1050 1245 1140 1299 tribus
1153 1245 1247 1300 verbis
1260 1247 1432 1300 mentionem
1441 1245 1541 1302 'earum
1559 1249 1715 1320 injecisset?

118 1347 199 1384 neam
212 1329 382 1390 admitteret.
405 1332 503 1403 Neque
520 1331 679 1387 hencviam
699 1332 893 1387 Schneidewi-
937 1331 1009 1385 Nun
1033 1333 1148 1387 critiam
1170 1333 1284 1387 Politias
1312 1350 1397 1404 prosa
1422 1335 1551 1389 oratione
1573 1337 1714 1409 scripsisse

118 1435 170 1472 uus
187 1416 332 1472 obtruasse
345 1415 486 1490 putandus
507 1428 548 1472 est
563 1435 598 1472 eo
618 1417 698 1489 quod
716 1419 893 1474 Heraclidem
937 1430 1114 1491 compertum
1125 1419 1307 1486 haberemus,
1318 1420 1371 1473 nisi
1384 1419 1511 1474 Athenaei
1520 1421 1590 1476 locis
1601 1421 1714 1480 duobus

118 1520 131 1556 e
160 1519 281 1558 numero
305 1502 508 1574 discipulorum
531 1503 687 1558 Aristotelis
713 1503 892 1560 eximendum
937 1503 1173 1559 admoneremur?
1191 1505 1331 1560 Nimirum
1351 1505 1424 1560 fama
1446 1509 1539 1579 operis
1560 1510 1713 1564 Aristotelii

117 1590 260 1662 opinatur,
270 1588 358 1663 idque
369 1600 468 1645 contra
478 1589 579 1646 diserta
588 1600 715 1646 veterum
724 1593 893 1660 testimonia,
936 1590 1112 1663 reliquorum
1134 1593 1300 1646 memoriam
1326 1592 1495 1651 obscuravit.
1521 1595 1603 1650 Mitto
1630 1597 1713 1669 quod

117 1675 220 1748 quibus
237 1675 401 1732 Heraclides
421 1687 485 1750 post
497 1677 643 1732 Platonem
656 1689 685 1732 et
701 1679 889 1752 Speusippum
936 1694 999 1747 quae
1020 1677 1185 1732 Plutarchus
1203 1695 1240 1732 ex
1264 1677 1413 1732 Heraclide
1432 1680 1551 1734 Pontico
1574 1681 1657 1736 affert
1676 1683 1713 1739 de

118 1765 200 1818 etiarn
221 1764 400 1820 Aristotelem
419 1763 538 1820 audiisse
552 1765 681 1821 traditur.
700 1767 828 1837 Quorum
851 1778 890 1822 te·
936 1763 1053 1831 Solone,
1067 1762 1104 1820 de
1119 1764 1275 1833 Pisistrato,
1291 1763 1327 1818 de
1345 1765 1448 1836 proelio
1468 1767 1660 1839 Marathonio,
1676 1770 1713 1825 de

117 1851 199 1906 stium
219 1851 426 1923 antiquissimus
446 1868 499 1906 nec
513 1850 646 1924 longeab
661 1853 816 1908 Heraclidis
831 1872 891 1908 aevo
935 1850 1042 1904 Pericle
1060 1847 1172 1923 (Solon.
1191 1869 1216 1906 c.
1238 1869 1261 1906 1.
1276 1869 1324 1905 nu.
1340 1850 1387 1905 31.
1407 1849 1456 1906 32.
1472 1854 1574 1910 Pericl.
1590 1872 1638 1924 ²7·
1662 1855 1709 1914 35.

118 1936 219 1992 distans
236 1933 340 1992 Sotion
353 1947 393 1992 est
406 1935 433 1991 ir
453 1935 594 2013 Διαδοχαῖς
611 1934 673 2010 (ap.
688 1939 772 2012 Diog.
794 1942 827 1994 L.
852 1943 889 2009 V,
935 1934 1005 1990 Vide
1018 1934 1130 2011 supra),
1150 1955 1186 1992 ex
1198 1937 1410 1992 Atheniensium
1427 1939 1528 1994 Politia
1542 1939 1712 2017 deprompta

119 2023 185 2098 86),
202 2021 480 2096 quiSchneiderrino
501 2042 560 2078 non
569 2024 714 2080 historiam
726 2025 871 2080 referre
845 2043 890 2078 vr·
936 2032 1132 2095 essepossunt3
1143 2025 1226 2078 mitto
1241 2023 1365 2096 denique
1377 2025 1533 2080 Heraclidis
1542 2027 1709 2108 locum(a

118 2109 208 2178 detur,
220 2110 271 2166 sed
284 2108 473 2182 conJectnram
485 2127 588 2183 cepisse
601 2127 636 2164 ex
649 2111 790 2184 eoquod
801 2129 891 2184 persr
934 2106 1023 2164 Cicer.
1036 2110 1079 2164 De
1091 2109 1219 2178 ιιιιιιιι
1236 2105 1286 2184 53)
1299 2109 1335 2165 de
1346 2128 1426 2166 more
1438 2111 1563 2184 quodam
1573 2113 1710 2185 Ceorum,

118 2197 191 2252 mili'
182 2215 214 2250 ιιι
231 2213 337 2270 genere
351 2197 494 2252 literarum
506 2207 647 2252 versatum
657 2207 750 2252 nosset
764 2199 891 2253 Heracli·
935 2195 985 2264 qui
999 2213 1063 2248 cum
1084 2197 1118 2250 iis
1131 2214 1193 2269 que
1207 2197 1238 2251 in
1259 2196 1381 2252 Ceorunr
1399 2197 1546 2270 republica
1559 2213 1710 2259 narrantur

118 2284 188 2338 dem.
202 2282 308 2357 idque,
324 2284 417 2338 nescio
431 2301 489 2355 quo
502 2282 581 2354 J'ure,
596 2283 693 2357 colligi
706 2301 786 2356 posse
797 2294 890 2340 censet
935 2281 1065 2336 coboerct.
1082 2283 1118 2335 Et
1130 2299 1167 2336 ne
1185 2281 1263 2339 dicas
1281 2283 1459 2339 Heraclidem
1473 2302 1530 2340 esse
1543 2286 1623 2340 illum
1643 2292 1710 2362 qni,

118 2389 146 2426 ex
166 2370 307 2436 Cicerone
322 2369 429 2444 (Legg.
447 2369 504 2438 111,
520 2368 553 2437 6,
572 2367 640 2444 ιι),
663 2371 712 2442 qni
725 2369 887 2425 itahsbet:
935 2365 1000 2422 dem
1029 2369 1192 2436 Ponticum,
1215 2367 1265 2424 sed
1287 2379 1391 2425 temere
1420 2371 1577 2426 Aristotelis
1599 2379 1709 2432 nomini

119 2460 272 2514 Aristoteles
279 2457 538 2512 iliustmeitomnem
549 2455 622 2510 liuns
632 2458 737 2511 civilem
753 2461 782 2512 in
793 2457 886 2530 dispu-
933 2453 1112 2508 substitutum
1123 2453 1204 2509 fuisse
1215 2472 1223 2507 ι
1233 2471 1299 2508 nam
1308 2457 1465 2511 contrarius
1472 2458 1556 2530 plane
1564 2477 1627 2514 mos
1636 2461 1710 2516 obti-

120 2547 200 2602 tendo
219 2547 310 2600 heum
329 2543 544 2616 Heraclidesque
559 2541 835 2616 Ponticuspmsectur
849 2545 886 2598 ab
934 2542 1092 2596 nettmulta
1102 2542 1709 2622 uibuuntnrAristoteli,quaesuntaliorum,

119 2633 208 2686 eodem
227 2631 358 2695 Platone,
387 2627 585 2702 Theophrastus
603 2645 672 2684 vero
694 2633 830 2684 instituente
849 2629 886 2684 ab
933 2645 993 2682 non
1004 2629 1065 2683 vice
1083 2645 1171 2684 versa.
1186 2629 1277 2702 igitur
1288 2639 1394 2702 quanto
1408 2632 1533 2689 notiores
1545 2643 1626 2688 erant
1643 2635 1709 2689 Ari·

120 2719 262 2774 Aristotele
270 2717 406 2770 habitam
415 2721 444 2770 ιιι
457 2733 490 2771 eo
499 2733 599 2790 genae
612 2735 713 2774 rerum.
933 2716 1050 2772 stoteliae
1055 2716 1178 2784 Politia,
1186 2725 1215 2770 et
1223 2727 1330 2789 quanto
1341 2715 1470 2792 cupidius
1478 2720 1598 2776 aliorum
1606 2723 1711 2797 scripta

154 2805 244 2879 lgitur
263 2803 343 2876 quod
364 2805 395 2857 in
414 2801 574 2877 fragmentis
595 2804 732 2858 nonnulla
745 2803 885 2877 leguntur,
933 2803 1258 2876 celeberrimoStagiritae
1265 2801 1478 2878 effingebantur,
1485 2815 1563 2861 tanto
1572 2807 1662 2879 major
1670 2819 1711 2865 est

120 2909 177 2962 qua
189 2892 361 2947 verbotenus
379 2891 438 2945 fere
458 2907 493 2945 ex
505 2891 655 2947 Aristotele
675 2890 832 2964 descripta,
853 2909 887 2948 ex
932 2889 1235 2960 Heraclideinominis,
1247 2890 1326 2964 quod
1335 2890 1497 2967 fragmentis
1504 2895 1608 2949 nostris
1616 2896 1710 2952 inscri-

119 2995 151 3030 ιο
164 2995 213 3050 per
225 2997 254 3034 se
269 2975 386 3033 minime
398 2978 525 3049 sequitur
535 2979 644 3050 reliqua
660 2979 753 3034 omnia
761 3017 770 3046 ,
785 2996 847 3050 qute
859 2979 888 3032 in
931 2974 1020 3044 bitur,
1031 2977 1191 3034 auctoritas.

119 3083 220 3121 summa
231 3083 263 3120 re
271 3082 332 3119 non
345 3063 509 3119 dissentiunt
518 3064 554 3120 ab
566 3064 730 3131 Aristotele,
741 3074 888 3137 totumque
972 3061 1034 3116 Jam
1042 3063 1064 3116 si
1072 3062 1131 3118 lraec
1139 3063 1169 3116 in
1177 3063 1362 3136 suspicionem
1371 3063 1481 3120 ducunt
1491 3065 1603 3122 subesse
1611 3079 1709 3125 nostro

120 3150 187 3206 aden
198 3151 333 3219 libellum,
343 3167 378 3205 ex
389 3151 538 3206 Aristotele
548 3169 605 3207 esse
619 3161 761 3224 excerpta.
776 3150 887 3206 Adver-
932 3145 1029 3201 libello
1044 3145 1163 3202 fundum
1187 3148 1327 3220 quendam
1341 3148 1563 3226 fragmentorum
1580 3155 1708 3211 Heracli-

119 3247 209 3293 santnr
221 3250 315 3294 autern
328 3237 394 3292 huic
404 3239 545 3293 sententiae
559 3248 587 3293 et
602 3237 758 3294 Heraclidis
767 3254 886 3308 nomen,
933 3233 1067 3304 deorum,
1081 3235 1184 3308 quibus
1196 3237 1356 3293 Aristotelia
1372 3254 1408 3293 ex
1423 3239 1484 3295 aliis
1500 3241 1604 3316 eclogis
1613 3243 1659 3297 vel
1674 3262 1709 3298 ex

120 3325 195 3396 quod
207 3325 320 3380 codices
338 3321 518 3398 profitentur,
533 3335 562 3381 et
583 3325 692 3381 ordinis
712 3324 837 3380 defectus
858 3327 888 3380 ιιι
931 3321 1116 3395 scriptoribus
1138 3323 1318 3378 Aristotelem
1336 3325 1439 3397 passim
1452 3326 1636 3382 excitantibus
1654 3328 1709 3384 ad-

119 3413 186 3466 scrie
199 3412 362 3466 Politiarum
381 3412 556 3486 conspicuus.
573 3413 640 3483 Qua
654 3411 795 3468 obstacula
809 3429 888 3486 quo-
932 3408 1020 3463 mixta
1038 3409 1115 3463 sint:
1132 3408 1276 3478 rideamus
1289 3409 1437 3484 deinceps,
1451 3429 1522 3466 num
1532 3414 1617 3468 series
1633 3413 1708 3490 frag.

120 3498 202 3554 modo
218 3497 447 3555 Schneidewinns
464 3500 548 3554 unico
567 3517 618 3555 suo
640 3509 806 3574 argumento
823 3497 888 3557 fisus
931 3505 1093 3549 mentorum
1103 3495 1194 3551 faveat
1205 3495 1273 3552 huie
1285 3498 1426 3552 sententiae
1440 3517 1477 3554 an
1487 3499 1653 3574 refragetur.
1668 3533 1709 3546 -

121 3586 279 3658 removerit,
300 3603 386 3659 supra
405 3585 536 3641 vidimus.
561 3588 602 3642 Ac
627 3587 751 3661 primunr
773 3585 887 3659 quidem
932 3581 1042 3636 Etenim
1051 3582 1292 3655 quemadmodum
1301 3585 1332 3638 in
1343 3584 1627 3660 singulisfragmentis
1635 3590 1708 3645 ordo

121 3671 291 3729 Heraclidem
304 3691 366 3727 non
378 3673 527 3728 Ponticum
541 3673 620 3728 illum
633 3675 826 3746 notissimum,
845 3675 887 3728 uti
931 3684 1027 3724 rerum
1037 3670 1255 3744 percommodus
1271 3681 1327 3740 est,
1340 3672 1379 3726 sic
1393 3673 1476 3727 etiam
1493 3673 1525 3726 in
1539 3676 1610 3729 serie
1630 3675 1708 3730 Poli-

121 3766 222 3813 tantnnr
248 3777 310 3814 non
336 3776 433 3814 omnes
460 3768 629 3830 statuerant,
651 3777 708 3816 esse
735 3759 809 3827 vult,
838 3759 888 3816 sed
932 3757 1048 3825 tiarum,
1060 3775 1084 3812 ιι
1075 3757 1208 3831 qmdem
1216 3775 1306 3812 ιιιιιιιιι
1316 3758 1471 3814 Aristotelis
1481 3777 1552 3832 opus
1561 3772 1708 3836 excerptor

121 3845 241 3918 ignotum
257 3843 400 3918 quendam
420 3845 544 3917 ejusdem
565 3847 687 3902 nominis
707 3848 815 3914 virum,
838 3848 886 3919 qui
931 3854 996 3900 ante
1009 3843 1107 3899 oculos
1125 3843 1239 3912 habuit,
1259 3844 1408 3919 pristinum
1423 3843 1553 3900 ordinem
1568 3859 1708 3904 servatum

123 3931 368 3988 Aristotelemolim
387 3934 581 4031 excerpsisset,
597 3951 738 4007 quemque
756 3934 887 4008 deinceps
931 3948 988 3986 esse
1001 3939 1199 4004 exspectamus.
1211 3929 1324 4002 ldque
1316 3944 1375 4003 ipae
1390 3929 1618 3988 Schneidewinus
1635 3953 1707 3990 con-

122 4017 186 4072 allus
201 4018 314 4092 quidam
326 4036 483 4091 anonymus
495 4019 525 4072 ιιι
545 4020 658 4075 brevius
668 4019 829 4094 redegisset.
847 4051 885 4064 -
932 4017 1128 4086 ceditJverum
1137 4018 1370 4090 quumrationem
1377 4015 1460 4087 huJ'us
1470 4015 1579 4074 ordinis
1586 4020 1707 4078 reddere

123 4102 227 4160 ldvero
238 4123 337 4180 parum
357 4104 506 4178 probabile
518 4123 575 4160 erse
587 4107 657 4160 mihi
666 4105 787 4161 videtur.
803 4106 887 4162 Haud
931 4122 991 4178 non
1009 4105 1110 4179 possit,
1129 4104 1186 4158 hoc
1206 4122 1241 4160 eo
1264 4121 1397 4159 excusare
1412 4102 1522 4174 studet,
1543 4105 1623 4180 quod
1636 4110 1708 4180 qnid

122 4206 203 4260 prum
222 4192 338 4266 quidem
364 4192 494 4247 novimus
518 4193 634 4249 nomina
655 4203 818 4262 auctorum,
837 4194 886 4268 qni
931 4190 1199 4256 Aristotelesinhac
1216 4207 1248 4246 re
1266 4199 1376 4245 secutrrs
1394 4191 1447 4261 sit,
1468 4209 1571 4264 parum
1589 4193 1704 4267 liqueat.

123 4277 263 4348 ειιιιιιιοιι
284 4278 464 4334 historiamm
489 4296 576 4352 opera
598 4280 628 4334 in
651 4279 812 4336 breviorem
836 4280 886 4337 sed
932 4277 994 4331 Hoc
1006 4294 1105 4332 verum
1115 4275 1232 4351 quidem
1245 4285 1301 4344 est,
1316 4287 1346 4331 at
1359 4275 1431 4331 illud
1441 4287 1534 4333 tamen
1545 4278 1635 4352 liquet
1648 4300 1707 4337 non

124 4365 274 4421 mntinuam
296 4377 389 4422 tamen
406 4367 595 4421 narrationem
614 4375 831 4436 contraxenmt,
846 4369 885 4422 ιι-
932 4363 1157 4435 qualemcunque
1170 4362 1336 4418 Politiarnm
1348 4364 1449 4419 seriem
1462 4381 1525 4419 eam
1538 4381 1595 4421 esse
1610 4385 1704 4442 posse,
1796 4419 1803 4430 .

125 4452 176 4504 cuti
187 4453 306 4508 lustinus
317 4454 404 4526 Trogi
417 4453 544 4525 Pompeii
555 4452 699 4526 epitomen
711 4451 864 4508 elaboravit
877 4473 884 4506 :
931 4467 1016 4524 quam
1030 4449 1191 4506 Aristoteles
1201 4448 1387 4524 adoptaverit.
1404 4451 1506 4506 Nostra
1516 4462 1609 4508 autem
1622 4457 1707 4512 series

125 4537 246 4612 eclogarii
264 4549 373 4608 autem,
390 4540 441 4612 qui
458 4539 581 4614 singulos
597 4539 733 4613 quosdam
753 4539 831 4595 locos
852 4559 886 4596 ex
931 4537 994 4593 talis
1008 4546 1064 4606 est,
1079 4537 1195 4609 quatis·
1211 4554 1283 4592 sana
1297 4537 1398 4592 mentis
1410 4538 1549 4611 scriptore
1563 4539 1706 4612 proficisci

125 4621 236 4680 historiis
248 4643 302 4698 pro
313 4626 397 4681 libitu
406 4635 536 4694 enotrmt,
548 4643 608 4680 non
619 4625 710 4680 solent
720 4625 761 4679 illi
772 4627 885 4680 nomine
931 4625 1048 4679 omnino
1076 4643 1136 4678 non
1158 4625 1261 4697 potuit.
1283 4625 1382 4696 Neque
1404 4624 1560 4698 quidquam
1587 4627 1705 4686 lucraris

126 4723 170 4762 sua
181 4712 374 4784 scriptionibus
392 4711 467 4767 hisce
480 4713 617 4784 operariis
633 4707 788 4785 praefigere.
804 4711 886 4784 Ejus·
930 4721 1052 4767 statuens
1067 4711 1169 4766 multas
1189 4710 1303 4766 Politias
1324 4711 1478 4766 Aristotelis
1490 4712 1526 4766 ab
1540 4725 1705 4787 excerptore

127 4795 196 4850 modi
211 4811 278 4853 vero
289 4808 422 4872 excerpta
437 4799 521 4854 etiam
533 4807 630 4854 nostra
641 4797 795 4872 fragmenta
807 4810 885 4869 sunt,
932 4799 1043 4854 omissas
1056 4815 1123 4854 esse.
1136 4798 1208 4852 Nam
1224 4797 1264 4852 sic
1276 4814 1392 4870 quoque
1406 4814 1440 4854 ex
1453 4799 1644 4871 superstitibus
1655 4801 1706 4854 Po·

128 4882 221 4938 ttiuusi
231 4886 298 4940 olim
311 4887 342 4940 in
355 4885 553 4960 integrioribus
566 4884 711 4940 codicibus
722 4885 818 4958 paullo
831 4888 887 4959 ple·
931 4885 998 4940 litiis
1009 4885 1165 4956 conjunctae
1175 4901 1233 4939 esse
1246 4884 1352 4940 debent
1363 4901 1402 4938 eae
1416 4902 1478 4957 que
1489 4885 1571 4939 simul
1585 4895 1705 4960 propter

129 4967 198 5024 niort
208 4971 319 5027 fuerint.
332 4973 422 5029 Series
430 4983 524 5028 autem
535 4971 753 5027 infortuniorum
763 5012 771 5040 ,
782 4990 839 5046 qua
850 4973 885 5029 ab
932 4974 1070 5046 originem
1087 4981 1116 5026 et
1134 4971 1254 5025 formam
1272 4969 1433 5042 reipublicae
1446 4979 1475 5024 et
1491 4971 1574 5024 situm
1587 4987 1704 5043 geogra-

128 5051 196 5122 J'usta
206 5058 334 5131 epitomae
346 5057 436 5114 tonna
450 5058 485 5114 ad
500 5069 662 5132 praesentem
676 5059 789 5115 demum
800 5061 884 5116 mise·
930 5061 1060 5133 pitirum,
1069 5061 1125 5114 sire
1138 5065 1256 5130 propter
1265 5073 1299 5112 ea
1308 5057 1417 5125 omnia,
1430 5074 1492 5129 quae
1503 5057 1533 5109 in
1542 5053 1706 5112 ordinandis
