3834 5767
741 296 894 357 cautius
913 296 1109 363 MihliSlUS.
1706 312 1721 358 :t

127 428 480 502 phylart.Siruoc.p.186
504 428 549 481 ed.
574 428 696 499 Parisi:
717 423 791 490 Τινὲς
808 425 829 481 δ’
846 428 901 483 ἔπι·
928 429 1009 491 1ιιίοο
1030 427 1160 481 evaderet
1192 427 1307 479 l‘hoenix
1335 426 1411 479 locus
1437 428 1587 497 llplrcsiuus
1610 424 1673 504 (⁹),
1693 444 1724 485 ut

128 514 270 589 άαλάμενοι
288 513 372 591 λέγειν
395 512 454 591 περὶ
475 517 525 569 τῶν
549 511 758 587 ἐπιζητουμένων
777 516 828 585 (sc.
844 512 903 589 napi
947 513 1607 569 PhoenixCadmusabiretinCadruumlllilesium.
1615 518 1723 573 Deuade

127 606 173 671 τῆς
189 596 343 665 tusiaco<
353 606 398 657 τοῦ
418 598 513 659 Νείλου
527 597 634 657 καὶτῶν
649 601 740 675 πηγῶν
754 602 824 671 οἱα.)
838 596 903 655 πολὺ
947 601 1062 655 ulterius
1071 600 1171 653 harum
1184 597 1280 653 rerum
1293 600 1364 652 labri
1374 601 1513 673 progressi
1524 613 1597 654 sum.
1613 603 1723 657 Etenim

128 692 174 757 τῆς
191 686 314 757 ἀληθείας
332 685 486 763 διήμαρτον.
502 687 536 743 0t
550 682 658 761 μὲνγὰρ
672 684 730 763 περὶ
744 684 787 741 τὸν
804 682 904 743 Ἑλλά-
947 687 996 758 qui
1003 688 1110 759 primus
1118 686 1225 739 invenit
1232 687 1340 752 literas,
1350 703 1409 739 non
1415 687 1510 758 potuit
1519 705 1579 739 non
1586 690 1723 759 scripsisse

126 796 198 831 νικον
205 774 251 833 καὶ
264 774 381 849 Κάδμον,
392 772 430 830 ἔτι
440 772 462 830 δ’
472 771 621 843 Ἑκαταῖον,
632 770 677 830 καλ
688 758 814 836 πάντεςόἰ
825 776 905 827 τοιοῢ-
947 790 1045 843 opera.
1062 772 1106 825 Sic
1125 770 1171 845 (ut
1187 790 1276 825 unum
1297 782 1407 844 tangam
1421 789 1455 825 ex
1468 772 1724 845 mythologumeuis

127 884 183 930 τοι,
198 858 308 917 παλαιοὶ
321 858 491 916 παντάπασιν
505 856 633 929 ὅντες,εἷς
643 856 688 922 τδις
703 855 825 932 μυθώδεις
837 857 903 912 aino·
947 858 1068 911 historiae
1091 852 1235 931 literariae)
1257 859 1387 925 Phoenix,
1409 860 1547 930 Agenoris
1568 857 1654 928 filius,
1677 862 1723 915 cui

128 945 220 1024 picen
231 942 386 1003 ἀπέκλιναν.
912 974 917 985 =
947 944 1018 1015 Lydi
1028 956 1056 998 et
1067 946 1151 999 Iones
1162 943 1316 999 secundum
1326 946 1505 1017 Apostolium
1518 943 1606 1020 (XX,
1621 946 1674 1021 29)
1688 947 1722 1001 li-

167 1038 210 1089 Ex
219 1034 341 1090 Diodori
352 1032 418 1088 loco
424 1032 556 1105 colligere
565 1033 651 1105 possis
659 1042 707 1085 aut
715 1031 766 1084 alia
776 1028 902 1101 quaedam
948 1042 1071 1085 terarum
1088 1033 1277 1085 inventionem
1298 1032 1439 1099 tribuunt,
1460 1031 1618 1095 Φοινικικοῖς
1632 1031 1723 1108 γράμ·

128 1132 234 1194 μιτεὶσι·
251 1116 346 1177 lirion
358 1116 458 1181 Ἰωνίας
465 1116 825 1173 Cadmolrlilesioattributa
832 1132 903 1183 csse,
948 1137 1015 1189 μασι
1028 1113 1074 1184 τὴν
1096 1113 1265 1192 ἀριθμητικὴν
1280 1115 1431 1193 φιλοσοφίαν
1447 1113 1638 1193 συνεγράψατο,
1655 1130 1723 1173 teste

128 1221 176 1262 aut
184 1207 347 1263 Naucratim
359 1202 530 1259 Milesiorum
545 1205 685 1258 coloniam
698 1202 733 1256 de
744 1202 808 1255 Nilo
819 1199 902 1253 disse-
947 1202 1074 1257 Cedreuo
1086 1222 1115 1275 p.
1134 1222 1178 1275 19·
1193 1203 1237 1257 Ad
1253 1203 1374 1258 eundem
1388 1204 1505 1258 modum
1517 1206 1602 1258 etiam
1614 1205 1721 1260 Cadmo

128 1294 211 1355 rendi
220 1292 370 1366 praebuisse
382 1290 633 1363 opportunitatem.
657 1287 712 1343 Sed
733 1286 865 1357 quoniam
878 1293 905 1337 et
947 1300 1045 1343 nostro
1066 1291 1173 1343 Milesio
1187 1308 1259 1361 opus
1275 1289 1392 1361 aliquod
1405 1291 1612 1363 assignaverint.
1625 1292 1723 1362 Neque

129 1380 233 1434 Strabo
246 1377 427 1433 etDioclorus
438 1375 534 1430 Cadmi
544 1394 604 1429 non
612 1376 800 1428 meminerunt
811 1371 860 1424 nisi
875 1370 903 1423 in
947 1372 1018 1429 illud
1034 1373 1127 1430 Suidae
1140 1376 1240 1450 πρῶτος
1254 1372 1405 1451 συγγραφὴν
1424 1371 1521 1452 ἔγραψα
1541 1375 1723 1449 καταλογάδην

129 1468 292 1521 universum
311 1464 348 1517 dc
367 1462 561 1533 antiquissimis
582 1461 720 1515 historicis
740 1460 901 1529 loquentes,
948 1462 1051 1538 μικρῷ
1064 1457 1216 1537 νεώτερος
1228 1458 1365 1538 Ὀρφέως
1376 1462 1552 1535 negligentiae
1562 1462 1606 1515 vel
1621 1465 1723 1517 acrisiae

130 1551 246 1603 minime
263 1550 352 1620 liquet
372 1564 440 1600 num
463 1548 513 1619 ipsi
530 1546 618 1599 libros
637 1544 748 1611 Cadmi,
771 1544 820 1615 qui
839 1555 905 1596 tunc
947 1549 1119 1619 grammatici
1146 1549 1357 1619 imputaverim,
1381 1550 1430 1619 qui
1453 1567 1487 1602 eo
1517 1550 1612 1620 potius
1634 1550 1724 1605 aliena

130 1638 302 1703 ferebantur,
316 1635 502 1707 inspexerint,
514 1651 551 1687 an
565 1634 653 1687 solam
669 1632 790 1685 nominis
806 1630 905 1683 samam
944 1632 1067 1703 junxisse
1075 1634 1274 1710 mihividetur,
1289 1635 1368 1707 quod
1381 1630 1721 1701 ΚτίσινΜιλήτουκτλ.

128 1724 216 1779 secuti
228 1725 292 1779 siut
950 1731 1081 1791 tanquam
1098 1739 1168 1793 opus
1181 1740 1198 1775 a
1214 1722 1320 1776 Cadmo
1338 1720 1444 1791 Orphei
1466 1720 1524 1775 fere
1536 1722 1635 1792 aequali
1654 1741 1724 1794 prc-

168 1812 237 1881 Quae
255 1828 342 1882 quum
362 1808 399 1861 ita
421 1806 556 1873 habeant,
576 1806 710 1878 quaeritur
732 1822 782 1858 nec
802 1814 907 1857 temere
949 1806 1052 1860 lectum
1063 1809 1197 1879 posuerit.
1212 1804 1330 1862 ldenim
1341 1808 1376 1861 ab
1388 1808 1421 1861 iis
1431 1806 1544 1862 demum
1557 1806 1725 1863 Cadmoda-

129 1897 276 1969 quaeritur,
287 1912 354 1948 num
367 1894 483 1946 omnino
495 1910 618 1964 unquam
627 1892 728 1945 vixerit
736 1890 855 1945 Cadmus
863 1890 904 1941 hi·
950 1903 1009 1955 tuni
1019 1912 1074 1948 esse
1081 1904 1166 1966 puto,
1176 1895 1224 1966 qui
1234 1913 1322 1966 quum
1332 1894 1521 1966 Pherecydem
1530 1906 1559 1948 et
1566 1895 1724 1950 Hecataeum

128 1984 264 2049 stoi-icus,
279 2000 314 2036 an
326 1998 435 2033 merum
450 1981 484 2033 sit
501 1980 659 2045 inventum,
674 1995 773 2032 eorum
786 1978 905 2043 scilicet,
949 1980 1057 2051 primos
1070 1980 1204 2051 pedestris
1218 1981 1352 2034 orationis
1365 1982 1515 2052 scriptores
1528 1980 1613 2052 vulgo
1628 1982 1725 2037 haberi

129 2072 179 2141 qui
189 2088 224 2128 ex
237 2067 343 2124 Cadmo
356 2066 499 2120 literarum
511 2065 657 2119 inventore
672 2061 702 2137 (Ἴ
716 2061 849 2137 finxerint
862 2080 908 2115 an·
951 2059 1093 2133 viderent,
1105 2066 1178 2120 istud
1188 2066 1223 2121 de
1234 2066 1340 2122 Cadmo
1351 2078 1542 2121 commentum
1553 2066 1589 2120 ad
1599 2084 1669 2121 vcrae
1679 2070 1726 2122 hi-

130 2154 315 2227 tiquissimum
324 2140 598 2223 scriptorem.'Quam
605 2150 719 2221 quidem
728 2150 907 2221 quaestionem
950 2154 1042 2206 storiae
1053 2164 1082 2207 et
1095 2154 1285 2226 chronologiae
1294 2152 1504 2207 similitudinem
1515 2172 1649 2207 revocare
1660 2156 1726 2209 alla·

126 2242 186 2309 jam
205 2252 314 2293 veteres
329 2239 444 2310 agitasse
467 2238 543 2291 haud
563 2237 681 2291 obscure
704 2238 823 2293 innuunt
849 2236 908 2289 Pli-
951 2240 1137 2305 boraverunt,
1150 2240 1271 2311 ideoque
1284 2241 1441 2312 principem
1454 2242 1527 2293 inter
1538 2241 1727 2313 logogmphos

130 2330 214 2380 niana
233 2327 285 2379 ista
302 2343 309 2377 τ
325 2324 385 2377 Nec
408 2320 696 2391 Milevursruurlonda
714 2327 772 2375 cive
793 2322 906 2376 Cheimo.
952 2327 1045 2379 locum
1053 2324 1159 2379 llilcsio
1168 2344 1219 2379 suo
1229 2326 1413 2381 tribuerelix
1421 2325 1522 2380 eodem
1531 2326 1625 2380 studio
1633 2330 1726 2400 expli-

125 2416 242 2489 'Nomen
259 2430 326 2466 sane
343 2428 395 2482 per
409 2426 438 2463 se
456 2410 527 2463 nihil
544 2408 628 2462 habet
648 2407 818 2463 offensionis.
839 2408 910 2463 tiam
952 2412 1430 2484 caudaquaelegunturin't'illoison.
1438 2416 1491 2467 An.
1498 2415 1548 2468 Gr.
1559 2410 1598 2479 ll,
1606 2432 1636 2484 p.
1650 2414 1721 2483 187:

130 2519 166 2553 ex
174 2498 325 2559 Herodoto
335 2497 464 2550 novimus
475 2491 736 2566 Cadmum,Scyth2e
744 2492 846 2562 lilium,
857 2496 909 2551 Co·
952 2497 994 2553 Οὐ
1007 2496 1152 2571 γράμματα
1166 2485 1236 2573 εἶχον
1248 2492 1423 2567 σίἝλληνες,
1435 2495 1503 2554 ἀλλὰ
1516 2496 1559 2553 διά
1571 2496 1726 2555 Φοινικείων

130 2604 214 2641 orum
225 2583 373 2657 tyranrium
386 2580 430 2657 Γ)
439 2603 447 2641 τ
457 2600 543 2655 porro
555 2584 740 2649 Brivodurum,
749 2584 908 2636 statuarium
953 2579 1116 2658 γραμμάτων
1129 2579 1240 2660 ἔγραφον
1258 2580 1291 2638 τά
1312 2585 1396 2639 αὑτῶν
1411 2581 1557 2653 Ἑλληνικά
1568 2581 1723 2660 γράμματα·

131 2673 339 2739 Atheniensem,
351 2670 433 2725 allcrt
450 2668 595 2723 Pausanias
605 2668 648 2731 X,
667 2684 716 2739 19,
730 2673 746 2732 t
766 2665 818 2742 (ci.
833 2664 910 2721 lliil-
952 2666 997 2722 καὶ
1011 2665 1061 2743 γδιρ
1077 2664 1143 2723 αὐτὰ
1158 2664 1192 2721 τδι
1212 2667 1350 2725 Φοινίκεια
1364 2669 1416 2734 τοῖς
1430 2666 1564 2743 ὀνόμασιν,
1582 2670 1618 2733 ὼς
1631 2668 1676 2726 καί
1693 2668 1727 2726 τά
1795 2665 1798 2670 ’

132 2761 183 2812 lrr.
199 2758 340 2812 Arclneol.
357 2756 374 2829 §
391 2773 461 2823 rra,
478 2752 513 2827 1).
528 2756 566 2807 At
580 2752 784 2807 dubitationem
795 2764 906 2821 movet,
953 2749 1101 2827 Ἓὸραϊκδ,
1115 2750 1184 2809 κατά
1196 2750 1306 2827 μίμησιν
1320 2756 1370 2810 τῶν
1391 2752 1533 2829 Ἐὅραίωη
1545 2760 1598 2819 τοῖς
1611 2754 1726 2822 Φοίνιξιν

131 2844 212 2916 quod
224 2846 367 2903 literarum
383 2842 523 2896 inventori
535 2851 563 2893 et
575 2840 765 2909 antiquissimo
781 2842 910 2911 scriptori
954 2836 1052 2915 εὑρέθη.
1073 2837 1237 2913 Παλαμήδης
1251 2839 1273 2895 δ’
1290 2837 1394 2915 ὕστερον
1414 2837 1504 2909 ἐλθὼν,
1521 2838 1661 2917 ἀρξάμενος
1675 2840 1728 2897 άπὸ

133 2930 209 2985 idem
225 2931 261 2983 sit
281 2947 400 2993 nornen,
422 2926 575 2997 eademque
589 2924 743 2993 secuudum
759 2926 911 2979 nonnullos
953 2928 998 2979 τοῦ
1013 2923 1097 2999 άλρα,
1109 2922 1171 2980 δέκα
1183 2923 1211 2990 ἓξ
1223 2922 1290 2999 μόνα
1303 2925 1355 2989 τοῖς
1363 2921 1492 2993 Ἕλλησιν
1506 2915 1563 3003 εἶρε
1579 2930 1727 3003 στοιχεῖα...

133 3017 215 3070 suerit
228 3016 330 3089 patria.
341 3014 417 3068 Nihil
432 3015 506 3067 enim
520 3022 560 3065 est
578 3028 628 3064 cur
640 3010 754 3065 Suidam
776 3013 850 3083 tur-pi
865 3012 908 3065 la·
955 3007 1106 3085 Προσίθηκε
1124 3007 1151 3066 δὲ
1172 3011 1257 3075 αὐτοῖς
1280 3011 1386 3085 Κάδμος
1401 3013 1415 3067 ὁ
1436 3008 1563 3078 Μιλήσιος
1582 3012 1727 3088 γράμματα

131 3122 212 3175 psum
227 3120 326 3157 errore
334 3112 466 3173 putemus
480 3098 615 3153 &dmum
629 3094 671 3151 τὸν
685 3097 737 3151 τῶν
748 3094 910 3173 γραμμάτων
953 3094 1027 3173 τρία,
1037 3099 1061 3165 θ,
1073 3118 1107 3174 ρ,
1121 3117 1172 3173 χ...
1186 3096 1262 3154 Merit
1275 3101 1357 3154 ταῦτα
1371 3096 1517 3172 Σιμωνίδης
1531 3100 1544 3153 ὁ
1557 3099 1634 3164 Κεῖος
1648 3097 1729 3155 ἐλθὼν

132 3185 238 3267 εὑρετὴν
248 3190 394 3245 Milesium
405 3186 504 3239 dixisse
514 3202 569 3257 pro
578 3182 719 3238 Phoenice.
731 3185 800 3237 Nam
811 3184 911 3238 eodem
953 3182 1098 3259 προσέθηκε
1112 3179 1172 3257 δύο,
1183 3180 1205 3251 η
1214 3182 1259 3239 καὶ
1273 3207 1310 3255 ω,
1323 3182 1522 3262 Ἐπίχαρμοςδὲ
1533 3184 1730 3262 δΣυρακούσιος

133 3276 220 3331 modo
238 3275 394 3331 Scholiasta
407 3272 443 3327 ad
457 3273 573 3343 Dionys.
590 3270 690 3324 Thrac.
706 3270 736 3322 in
748 3270 836 3325 Behk.
856 3274 909 3325 An.
954 3266 1109 3347 τρία,ζ,ξ,
1125 3272 1155 3347 ψ.
1172 3268 1317 3335 Καλοῦτως
1331 3269 1561 3350 ἐπληρώθησαντδι
1575 3270 1729 3329 είκοσιτίσ-
1806 3332 1812 3341 ,

132 3382 164 3435 p.
178 3361 245 3429 781,
263 3360 300 3414 30
319 3357 374 3412 :Oi
389 3352 443 3430 μὲν,
464 3358 516 3423 ait,
537 3352 678 3431 Προμηθέα
694 3351 797 3428 λέγουσι
814 3350 911 3409 τούτοιν
954 3376 1033 3432 σαρα.
1048 3360 1126 3412 Patet
1137 3359 1273 3413 Cadmum
1291 3360 1429 3413 Milesium
1440 3359 1470 3414 h.
1484 3361 1503 3413 l.
1518 3379 1534 3414 a
1552 3361 1730 3434 logographc

135 3451 185 3521 (sc.
205 3449 257 3502 τῶν
272 3440 452 3521 γραμμάτων)
465 3438 580 3515 εὑρετὴν,
597 3438 672 3495 ἄλλοι
688 3436 715 3495 δὲ
735 3437 848 3497 Φοίνικα
868 3437 911 3495 τὸν
955 3460 1014 3496 non
1025 3442 1165 3497 diversum
1177 3463 1250 3512 esse,
1260 3464 1352 3517 neque
1365 3446 1486 3499 alienum
1493 3447 1528 3500 ab
1538 3447 1684 3521 inventore
1694 3447 1730 3499 li-

132 3539 176 3590 :ui
189 3531 329 3611 Ἀχιλλέως
348 3524 525 3603 παιδαγωγὸν,
544 3523 619 3581 ἄλλοι
640 3523 667 3581 δὲ
682 3524 733 3581 τὸν
748 3524 911 3594 Μιλήσιον
956 3532 1155 3599 terarum,nisi
1167 3530 1357 3603 quodinventi
1369 3532 1560 3604 magnitudine
1568 3543 1645 3587 tanto
1657 3534 1701 3587 int
1715 3566 1730 3574 -

135 3619 242 3695 Κάδμον
256 3620 315 3675 κτλ.
337 3619 388 3671 ubi
405 3634 493 3689 quum
506 3614 541 3668 de
551 3612 651 3669 Graecis
662 3613 806 3668 literarum
816 3615 912 3667 inven-
955 3617 1015 3670 rior
1029 3627 1084 3682 est,
1100 3631 1206 3687 quanto
1220 3629 1299 3672 aetate
1314 3630 1354 3672 est
1363 3618 1470 3689 junior.
1486 3622 1526 3673 Ac
1541 3621 1633 3673 nescio
1645 3639 1681 3674 an
1694 3622 1730 3673 si·

134 3710 242 3763 toribus
254 3724 349 3761 sermo
363 3706 413 3769 sit,
429 3720 512 3756 nemo
530 3701 740 3773 grammaticum
754 3701 857 3754 erroris
870 3700 911 3752 in·
955 3702 1013 3753 mili
1022 3701 1108 3755 modo
1122 3703 1343 3774 explicandussit
1352 3703 1449 3773 junior
1462 3705 1637 3760 illeCadmus
1651 3708 1731 3759 lilile·

133 3796 281 3849 ornaverit.
297 3791 433 3847 Similiter
443 3787 519 3861 apud
531 3786 652 3841 cundem
665 3786 753 3839 schol.
767 3806 796 3859 p.
812 3784 864 3854 784
877 3786 912 3837 li·
955 3788 1010 3841 sius
1029 3787 1190 3855 historicus,
1203 3806 1288 3859 quem
1299 3789 1397 3848 Suidas
1410 3786 1490 3845 Λύσιν
1501 3789 1630 3865 ἐρωτικῶν
1641 3792 1731 3846 παθῶν

134 3894 198 3935 ter-ae
207 3880 384 3936 Phoeniciaea
396 3876 527 3929 Phoenice
536 3876 600 3927 loco
612 3890 703 3943 prope
712 3873 850 3946 Ephesum
860 3874 912 3926 sito
956 3872 981 3927 ἐν
993 3869 1129 3949 βιὸλίοιςδ
1140 3874 1277 3944 scripsisse
1287 3873 1365 3927 dicit.
1376 3875 1432 3943 Qui
1443 3874 1558 3945 quidem
1567 3877 1663 3929 titulus
1674 3887 1732 3928 tum

134 3986 237 4022 nomen
249 3965 355 4019 babere
366 3962 508 4015 dicuntur.
520 3959 658 4012 Nimirum
666 3959 808 4011 literarum
816 3958 912 4030 cogni·
956 3978 1046 4032 perse
1058 3971 1199 4031 suspectus
1210 3955 1378 4033 est(⁸*),tum
1387 3961 1459 4014 male
1475 3960 1595 4031 quadrat
1611 3980 1675 4015 cum
1687 3964 1734 4015 lli·

134 4056 174 4109 tio
185 4054 352 4109 Phoenicum
361 4047 536 4103 commerciis
542 4046 664 4117 primum
673 4046 751 4098 veuit
759 4044 795 4097 ad
804 4045 914 4099 Graecos

135 4144 205 4197 ¹³³3ae
217 4138 352 4205 l¹l¹¹⁰rl⁵3
374 4124 448 4189 idm
459 4136 542 4188 1⁰¹¹⁰⁵
559 4134 644 4205 Primi
655 4133 820 4187 “mmm
835 4133 913 4187 (λη’
991 4166 1022 4225 (¹¹)
1040 4166 1165 4223 Nonnulli,
1186 4163 1222 4212 uti
1235 4167 1365 4213 Homerum
1380 4166 1548 4215 tilienieneem
1563 4166 1686 4224 icremnt,
1699 4165 1734 4213 sic

134 4248 233 4283 rorum
245 4228 412 4297 scriptumst
423 4220 481 4291 jflm
493 4220 541 4290 (lul
555 4219 639 4290 Pl'lmi
653 4218 814 4272 Glaefflfflm
828 4235 914 4271 stiffi·
960 4234 1092 4282 Plionicias
1102 4234 1183 4283 literas
1193 4234 1217 4282 in
1227 4235 1305 4283 Attica
1312 4234 1343 4283 ab
1350 4238 1463 4293 hctasouc
1471 4234 1580 4285 inventas
1586 4237 1612 4284 ot
1620 4234 1651 4284 dc
1662 4236 1731 4284 Plio·

135 4318 212 4369 luere
233 4315 338 4378 literas,
352 4308 437 4363 etiam
459 4306 593 4358 invenisse
605 4304 716 4378 gloriati
735 4314 807 4356 sunt.
824 4304 915 4373 Quare
958 4305 1011 4352 nice
1019 4304 1126 4364 ejoslrlia
1140 4298 1275 4353 nominatas
1285 4304 1406 4354 dixerunt.
1419 4308 1451 4355 V.
1468 4306 1618 4354 scammonia
1628 4308 1685 4369 Περὶ
1697 4308 1733 4354 ni·

135 4403 250 4473 antiqua
270 4415 346 4452 verae
374 4392 490 4466 originis
511 4391 647 4445 memoria
669 4408 734 4443 cum
757 4390 914 4443 recentiore
960 4390 1071 4490 Ξῗῧξὲἷῦν
1082 4373 1112 4421 ff·
1128 4380 1153 4421 ²·
1172 4374 1273 4435 “ellim
1287 4377 1425 4424 wfflmfflh
1437 4388 1559 4424 refouere
1574 4375 1604 4423 ad
1621 4386 1661 4424 me
1675 4376 1734 4424 nihil

990 4511 1034 4571 (**)
1051 4530 1063 4551 u
1081 4510 1173 4559 Vellem
1189 4511 1351 4570 Gaisiordius)
1363 4515 1502 4573 momenta
1512 4514 1611 4561 istorum
1620 4512 1735 4561 librorum

238 4628 241 4637 ι
469 4615 474 4625 -
960 4582 1033 4629 verbo
1047 4580 1174 4640 tetigissem
1186 4593 1242 4628 nam
1253 4582 1319 4641 quod
1332 4582 1358 4629 in
1373 4582 1524 4631 Latiuuerat
1533 4583 1639 4643 scripsit
1652 4593 1735 4630 renie—
1783 4632 1788 4641 ‚

168 4674 198 4731 (²)
214 4676 250 4721 De
262 4668 373 4731 mythico
389 4666 435 4713 hoc
446 4663 537 4713 cadmo
547 4660 812 4720 literaruminvruiore,
822 4661 918 4709 atauus
961 4650 1006 4699 diu
1017 4652 1128 4705 umoris,
1145 4647 1207 4695 atius
1223 4649 1351 4698 crediderit
1362 4651 1393 4699 ab
1404 4652 1500 4699 horninc
1511 4654 1596 4699 Graeco
1611 4650 1669 4699 talia
1683 4664 1737 4712 pro·

137 4739 310 4799 mittam,vide
323 4740 428 4785 ttovers.
443 4733 468 4780 in
482 4732 573 4793 cgregm
587 4730 663 4790 libro,
674 4729 716 4790 qui
726 4728 861 4777 inscribitur
873 4733 917 4779 lto·
960 4718 1059 4767 lenisse·
1073 4718 1184 4797 Sublimi,
1197 4730 1254 4798 Q
1260 4718 1421 4797 reponendum
1432 4722 1545 4781 Συλλογὴν
1556 4721 1671 4781 ἐρωτικῶν
1682 4719 1700 4767 δ
1703 4755 1710 4777 ,
1722 4740 1734 4762 r·

138 4812 220 4870 timon
233 4810 260 4859 d.
274 4807 434 4862 Pnoerrizr'er,
443 4804 519 4851 Boon
533 4804 586 4849 rati
598 4837 604 4857 ,
614 4814 638 4861 p.
655 4803 699 4847 518
710 4812 762 4859 sqq.
962 4792 1117 4837 Banuusanr.
1126 4785 1225 4834 Codices
1231 4787 1289 4835 nihil
1295 4788 1488 4849 supteditantzt.
1498 4792 1529 4851 tp.
1539 4787 1659 4850 βιωίωνδ
1668 4788 1736 4836 codd.

170 4878 213 4937 (⁴¹)
228 4880 260 4925 V.
274 4872 394 4923 tierorlot.
406 4869 564 4928 1111,6;1οοΙΙ,
578 4871 619 4929 vr,
633 4867 844 4928 aau1.;Suidasv.
855 4868 917 4916 Ἐπί·
962 4858 1021 4914 ¹1⁰3
1031 4857 1053 4903 l·
1061 4855 1094 4915 ἕρ·
1105 4854 1199 4915 flattina
1209 4853 1238 4902 *δ’
1246 4854 1284 4904 αλ·
1296 4857 1399 4912 Modiolt
1410 4859 1432 4906 λ.
1443 4859 1462 4905 i.
1471 4860 1551 4905 παθῶν
1559 4857 1610 4905 sine
1621 4856 1736 4904 librorum

141 4964 229 5009 χαομσς
238 4963 246 5005 ς
256 4945 399 5007 Ηίρμοσιιιι.
414 4940 485 5001 Epist.
498 4943 520 4988 7.
537 4943 570 4987 ur
579 4938 786 4999 temporibusque
796 4940 820 4986 ct
830 4938 917 4987 inmitia
962 4929 1019 4974 ”⁰¹³
1036 4925 1090 4972 0⁰⁶·
1110 4925 1179 4982 Vil·
1190 4924 1210 5006 ἦ
1221 4925 1300 4971 παθῶν
1312 4926 1336 4973 ἓν
1347 4926 1408 4987 prot.
1425 4942 1529 4987 τετταρσι
1543 4924 1597 4972 rod.
1613 4931 1646 4983 Α;
1667 4924 1737 4983 rotgo

145 5032 169 5065 ν.
185 5018 274 5067 noun.
289 5015 385 5072 ocur,
398 5014 449 5070 11η
466 5012 499 5069 ιι,
515 5014 566 5069 ιιι,
580 5015 600 5066 ις
612 5013 670 5066 aaa,
687 5014 707 5067 q
719 5012 776 5067 ario,
788 5014 825 5055 aa.
893 5046 897 5056 ,
963 4997 1012 5043 ti·
1024 4994 1137 5042 παιῶνέν
1150 4994 1245 5055 ditor
1257 4993 1291 5041 c.

136 4497 300 4542 commento
311 4480 389 4555 apud
401 4479 560 4552 complures
571 4478 608 4530 ita
620 4476 738 4543 coaluit,
749 4486 781 4528 ut
789 4494 824 4529 cx
835 4476 916 4529 Phoe-
