3834 5767
870 347 1088 407 ttasstjxtUS.
1715 352 1775 401 m

182 489 295 564 ingenio
313 505 364 541 suo
380 475 445 540 ιιονι
461 503 552 540 rerum
565 503 615 556 per
636 484 734 536 orbem
750 494 887 536 terrarum
904 499 953 534 or-
1000 480 1078 552 quod
1089 483 1115 532 in
1130 480 1234 534 Graecia
1243 475 1425 531 describenda
1437 469 1525 549 usque
1536 476 1574 529 ad
1588 478 1707 528 Peneum
1724 475 1775 528 flua

182 576 256 630 dinis
279 583 379 628 auctor
401 573 514 625 exstitit.
533 572 662 624 Ceterum
689 587 773 640 quum
800 567 955 641 argumenti
1002 569 1079 620 rium
1092 569 1126 620 sit
1140 583 1309 638 progressus.
1324 566 1401 617 Patet
1416 565 1568 636 fragmenta
1581 580 1636 614 esse
1651 563 1715 614 libri
1728 565 1776 632 qni

181 661 265 732 hujus
282 657 504 732 magnitudinem
517 657 601 709 trium
617 655 755 708 librorum
769 654 899 726 angustiis
913 653 956 704 in·
1003 653 1202 708 totiusGraeciae
1211 651 1426 725 descriptionem
1432 649 1647 722 geograplticam
1655 651 1778 701 contine·

183 749 288 802 elusam
310 743 467 810 rideamus,
487 743 562 795 ultro
578 743 747 814 ,intelligitur
768 759 825 792 non
844 738 872 791 id
891 737 954 809 phi·
1003 738 1060 794 bat.
1069 740 1129 792 Jam
1140 757 1207 791 vero
1219 740 1240 789 si
1251 736 1478 789 verehaecellita
1488 735 1600 788 Graeciae
1610 733 1777 805 deprompta

184 833 335 905 losephttm
356 840 481 883 nostrum
505 828 603 901 egisse,
630 837 660 878 nt
689 827 794 898 singula
816 827 909 880 omnia
930 835 957 877 et
1002 837 1080 890 sunt,
1098 823 1287 895 heriomnino
1304 841 1361 875 non
1378 824 1471 893 potuit
1489 832 1520 873 nt
1540 839 1591 894 per
1609 839 1704 872 omnes
1724 832 1778 874 tres

183 919 366 974 minutissima
385 931 502 988 quaeque
513 923 700 986 percenseret,
715 912 891 981 seddelectu
906 913 956 964 ha-
1005 910 1091 964 libros
1106 912 1190 964 vitam
1205 910 1366 964 Graecorum
1381 908 1533 960 secundum
1546 907 1708 959 historicum
1721 907 1779 976 ejus

184 1007 262 1073 bito,
284 1003 395 1059 nonnisi
414 1002 526 1055 summis
543 1017 636 1053 rerum
657 999 804 1050 momentis
826 999 957 1050 immora-
1006 1015 1180 1070 progressum
1194 996 1369 1051 Dicaearchus
1380 995 1573 1067 explicaverit,
1586 1011 1678 1064 neque
1690 995 1766 1065 quid-

186 1105 246 1146 tum
259 1107 331 1154 esse,
344 1087 452 1159 reliqna
463 1087 554 1139 obiter
565 1084 771 1156 perstrinxisse,
783 1083 825 1136 his
835 1083 956 1154 denique
1006 1101 1089 1153 cpiam
1103 1083 1230 1141 relictum
1253 1090 1327 1144 erat,
1351 1083 1403 1133 nisi
1420 1091 1450 1132 ut
1471 1091 1578 1152 partem
1599 1081 1774 1137 historicam.

185 1179 272 1232 etiam
284 1175 441 1228 orationem
454 1170 676 1226 accommodasse
688 1169 871 1236 succinctam,
882 1187 956 1240 pres·
1006 1181 1112 1240 partem
1125 1169 1356 1242 geographicam,
1375 1179 1481 1238 partem
1499 1168 1535 1219 nd
1557 1168 1665 1229 literas,
1686 1176 1775 1230 artes,

183 1281 254 1330 sam,
267 1262 453 1334 perspicuam.
468 1259 553 1310 Testis
566 1275 633 1310 vero
653 1255 735 1326 hujus
746 1257 787 1308 rei
799 1256 875 1309 adest
890 1252 954 1308 Por·
1007 1257 1112 1327 rcliqna
1130 1267 1299 1327 spectantem
1315 1255 1526 1326 distinguerent.
1545 1259 1720 1307 -Attamen
1742 1257 1778 1306 ita

185 1351 304 1423 phyrius
328 1346 381 1422 (fr.
407 1343 436 1417 t}
457 1343 649 1400 ‘Dicaearchum
672 1342 767 1396 dicens
788 1359 820 1394 ex
842 1360 960 1395 numero
1003 1341 1099 1409 jamse
1113 1343 1267 1408 resarciret,
1282 1354 1314 1395 nt
1331 1343 1481 1395 auctoritas
1496 1360 1550 1413 qna
1566 1341 1718 1411 fragmenta
1733 1342 1779 1394 illa

185 1453 244 1488 esse
258 1445 408 1490 auctorum
420 1431 470 1484 τῶν
486 1425 617 1502 συντόμως
631 1447 658 1482 τε
667 1429 731 1500 ὁμοῦ
745 1425 789 1482 καὶ
805 1423 917 1503 tepea<
928 1425 965 1482 τι
1007 1431 1073 1483 l'itae
1086 1429 1197 1484 Graeciae
1219 1429 1403 1494 ascribuntur,
1419 1430 1533 1480 crimino
1547 1428 1624 1479 nulla
1635 1429 1683 1491 sit,
1702 1439 1729 1479 et
1744 1446 1779 1480 ne

185 1513 331 1586 Ἑλληνικὰ
346 1511 553 1590 συναγαγόντων.
1007 1516 1061 1568 hoc
1086 1515 1200 1586 quidem
1222 1517 1340 1586 liqueat,
1363 1525 1455 1567 utrum
1471 1517 1587 1566 omnino
1610 1515 1778 1580 Dicaearchi,

229 1609 327 1679 Longe
341 1605 421 1658 aliter
432 1603 468 1656 de
480 1603 573 1674 operis
587 1600 675 1654 nostri
682 1601 842 1654 oeconornta
856 1610 961 1654 statue·
1007 1620 1041 1655 an
1056 1603 1125 1656 alius
1134 1603 1187 1655 sint
1199 1603 1353 1674 scriptoris.
1369 1603 1436 1671 Quae
1452 1620 1494 1653 res
1508 1603 1542 1653 sit
1556 1619 1705 1670 exponam.

185 1703 255 1746 rtnrt
268 1691 404 1756 naritus,
421 1691 619 1752 Buttmannus,
636 1687 746 1740 Naeltius
762 1686 852 1760 (llus.
867 1687 958 1740 llhcn.
1047 1691 1210 1761 Fragmenta
1225 1689 1387 1754 Dicaearchi,
1400 1704 1462 1758 quae
1477 1690 1505 1739 in
1519 1687 1688 1740 editionibus
1704 1689 1779 1740 Gea-

191 1777 356 1846 183a,fasc.
374 1770 961 1849 1),Osannus.iPrimamejusrei(Fuhrii
1007 1775 1176 1846 graphorum
1206 1775 1348 1827 hlinorum
1373 1774 1426 1845 legi
1449 1773 1556 1833 solent,
1586 1783 1687 1842 praeut·
1709 1774 1781 1826 illud

187 1883 218 1936 p.
232 1881 268 1937 9¹
283 1863 371 1916 verba
385 1859 468 1934 suntl
489 1861 660 1914 mentionem
681 1859 803 1912 Marxius
817 1859 896 1927 fecit,
917 1877 962 1913 ac·
1008 1861 1085 1932 quod
1103 1871 1142 1913 cst
1156 1860 1191 1914 de
1207 1861 1397 1921 Peliomonte,
1414 1878 1447 1912 ex
1459 1877 1515 1912 uno
1528 1858 1685 1928 eodemque
1697 1857 1782 1914 fltrxe·

186 1950 359 2004 curatiorem
386 1945 490 2001 deinde
515 1948 717 2018 expositionem
741 1947 910 1998 Bnttmanno
935 1957 963 1998 et
1007 1960 1072 2001 runt
1085 1948 1171 2000 fonte.
1185 1950 1210 2000 ls
1224 1965 1290 2001 vcro
1303 1947 1364 1999 fons
1373 1946 1507 2001 cstcodex
1517 1946 1608 1998 saeculi
1619 1946 1781 2009 Xlll,olinr

187 2053 247 2108 prae
266 2034 397 2088 omnibus
416 2033 511 2088 Naeltio
531 2032 681 2099 debemus,
697 2049 758 2103 quar
772 2030 868 2086 eadem
891 2049 963 2085 non-
1009 2037 1133 2100 italicus,
1149 2037 1220 2086 inter
1232 2051 1320 2087 aniios
1335 2030 1408 2104 1589
1420 2017 1537 2102 ct'1593
1557 2035 1586 2085 iu
1605 2031 1721 2085 Galliam
1742 2053 1782 2088 asi

188 2121 274 2176 nullis
290 2130 385 2173 tamen
400 2118 555 2184 rationibus
580 2121 725 2172 immutata
739 2117 774 2171 ab
799 2117 906 2172 (lsanno
925 2117 962 2170 ita
1008 2131 1149 2195 portatus,
1164 2119 1212 2173 nbi
1225 2122 1347 2191 primum
1360 2117 1658 2190 possidebatClaudius
1667 2120 1781 2191 Dupuy,

188 2207 311 2262 indicata
331 2215 372 2260 est
399 2224 406 2257 :
431 2205 552 2258 Primum
567 2205 669 2258 librum
690 2205 832 2258 historiam
853 2204 964 2259 Graeciae
1009 2207 1112 2262 deinde
1135 2208 1233 2260 Petrus
1257 2208 1375 2269 Pithon,
1406 2224 1490 2279 penes
1512 2204 1589 2272 cujus
1614 2221 1783 2260 successores

188 2293 360 2348 continuisse
380 2289 549 2359 conjiciunt,
575 2301 606 2344 ut
622 2301 728 2363 partem
745 2291 773 2344 in
785 2300 875 2344 totum
893 2309 965 2362 opus
1010 2295 1109 2346 mansit
1119 2311 1207 2364 nsque
1219 2293 1255 2346 ad
1265 2310 1367 2345 annum
1385 2290 1467 2357 1837,
1484 2309 1541 2361 quo
1556 2289 1658 2342 librum
1672 2295 1782 2362 pretia-

188 2377 434 2442 introducentem,
463 2377 544 2447 eiquc
564 2377 703 2430 universas
720 2376 899 2450 geographici
918 2395 964 2430 ar·
1009 2381 1141 2434 sissimum
1152 2381 1392 2451 aequisivitRegia
1407 2377 1722 2446 BibliothecaParisina,
1734 2382 1781 2433 uhi

189 2465 315 2540 gumenti
328 2464 531 2536 expositiones,
546 2465 617 2516 sicut
628 2462 663 2516 dc
677 2465 786 2516 ratione
801 2463 872 2515 inter
885 2462 964 2518 Grae-
1012 2484 1087 2518 nunc
1111 2468 1139 2519 in
1153 2465 1288 2538 Catalogo
1300 2465 1491 2537 Supplemeuti
1505 2481 1622 2517 numero
1640 2464 1697 2527 ,ιιι
1711 2464 1783 2518 desi·

190 2553 262 2605 ciam
288 2560 315 2603 et
339 2561 459 2603 ceteram
479 2559 580 2602 terram
600 2549 802 2615 intercedente,
823 2547 966 2618 adjunctas
1009 2562 1119 2622 gmatur.
1134 2555 1304 2623 Argumenta
1326 2568 1439 2615 eorum,
1465 2567 1526 2620 quae
1545 2549 1634 2602 modo.
1647 2549 1781 2618 diximus,

191 2638 282 2692 fuisse.
299 2639 332 2690 ln
345 2634 469 2688 secundo
484 2633 587 2688 deinde
604 2635 678 2688 libro
695 2635 909 2706 descriptionem
921 2635 964 2686 ci·
1010 2639 1181 2690 acutissimus
1194 2639 1320 2709 exposuit
1333 2638 1501 2690 Letronnius
1519 2639 1547 2688 in
1561 2637 1725 2706 Fragments
1735 2639 1784 2690 des

183 2726 308 2788 ,vitatum
326 2723 503 2787 Graecarum,
518 2722 614 2791 quales
627 2723 747 2775 auctoris
760 2732 837 2774 aetate
853 2723 967 2776 exstitis·
1008 2729 1117 2792 poeines
1132 2727 1227 2794 geogr.
1253 2723 1353 2794 (Paris.
1378 2720 1469 2793 1839)
1485 2741 1546 2792 p.t
1576 2740 1637 2793 sqq.
1653 2724 1735 2776 Hunc
1753 2732 1784 2776 tu

189 2808 511 2880 sent‚comprchensam
525 2807 877 2880 fuisseincoquesingulas
891 2809 964 2862 πολι·
1011 2808 1101 2864 adeas.
1117 2810 1247 2862 Continet
1272 2828 1340 2862 rero
1364 2807 1476 2862 codex:
1505 2827 1531 2864 ι.
1554 2811 1781 2875 hiarcianum,a.

189 2893 382 2958 reluctatione
397 2911 481 2965 quam
496 2895 658 2966 investigare
670 2895 726 2963 jam
739 2894 967 2948 nonliceretob·
1011 2894 1180 2949 Artemidori
1209 2897 1367 2968 epitomen,
1392 2894 1418 2952 3.
1440 2896 1560 2968 Scylacis
1581 2895 1733 2966 Periplum,
1755 2905 1783 2959 ι.

188 2993 336 3038 serratase
349 2979 482 3052 deinceps
488 2981 634 3052 excepisse.
648 2982 770 3033 Tertium
785 2995 852 3034 vero
863 2981 965 3034 librum
1012 2980 1114 3036 isidori
1123 2983 1274 3037 Characeni
1281 2983 1420 3036 Stathmos
1432 2983 1590 3046 Parthicos,
1602 2984 1645 3035 cui
1659 2986 1737 3054 opcri
1751 2985 1784 3034 ti·

190 3071 279 3122 ritam
290 3067 471 3122 domesticam
489 3067 649 3121 Graecorum
662 3085 725 3119 cum
747 3067 855 3120 theatro
872 3067 967 3122 omni·
1012 3069 1086 3122 tulus
1097 3087 1155 3122 non
1180 3068 1342 3140 praefigitur,
1357 3069 1405 3122 sed
1421 3068 1458 3122 ad
1474 3069 1576 3122 calcem
1591 3069 1783 3124 subscribitur.

191 3155 301 3226 busque
314 3153 399 3208 rebus
415 3151 449 3206 ad
471 3151 500 3206 id
513 3152 732 3224 pertinentibus,
756 3152 828 3206 ludis
847 3153 967 3225 publicis
1012 3154 1121 3208 Deinde
1135 3156 1213 3208 nullo
1232 3157 1374 3226 praemisso
1393 3157 1475 3209 titulo
1500 3157 1626 3226 sequitur
1646 3156 1786 3228 fragmen-

191 3240 392 3313 religiouisque
406 3238 483 3292 cultu
493 3236 665 3310 descripsisse
679 3249 705 3291 et
722 3241 967 3312 insingulariaite·
1013 3253 1072 3294 tum
1096 3246 1246 3296 metricum
1259 3259 1388 3295 versuum
1414 3261 1479 3313 109,
1501 3243 1578 3312 cnjus
1602 3253 1699 3295 auctor
1723 3254 1786 3314 post

191 3345 255 3380 rum
280 3326 371 3398 capita
398 3325 585 3398 singularibus
607 3325 693 3378 titulis
714 3325 830 3396 praedita
849 3325 967 3378 divisum
1013 3330 1213 3401 prefationem,
1228 3332 1257 3383 in
1277 3347 1330 3400 qua
1345 3331 1568 3400 Theophrastum
1587 3330 1786 3402 quendamal-

192 3413 353 3469 fuisse-lli
364 3413 449 3484 igitur
459 3421 486 3464 ct
500 3409 639 3474 Πολιτείας
648 3423 675 3465 et
684 3427 754 3482 opus
769 3410 833 3487 ssepi
844 3414 968 3484 peartanig
1013 3416 1148 3486 loquitur,
1176 3418 1409 3489 negligentissime
1442 3428 1566 3470 recenset
1593 3417 1783 3481 Ambraciam,

193 3498 289 3570 (qnod
299 3510 391 3553 tamen
403 3497 511 3550 nullum
521 3497 587 3570 fuir)
597 3507 625 3551 et
635 3495 700 3570 Περὶ
711 3499 840 3570 μουσικῶν
851 3496 967 3572 ἀγώνων,
1013 3502 1159 3565 AEtoliam,
1174 3501 1344 3566 Phocidem,
1359 3503 1495 3555 licentiam
1504 3544 1512 3569 ,
1529 3515 1556 3555 et
1572 3502 1690 3570 deinde,
1706 3506 1785 3557 missa

190 3583 330 3656 denique,
349 3583 483 3655 quoniam
493 3584 522 3635 in
538 3583 599 3636 Vita
607 3585 718 3639 arecia
732 3583 872 3655 Euripidis
886 3603 969 3638 men·
1013 3589 1117 3654 Attica,
1132 3589 1167 3642 ad
1183 3590 1321 3660 Megaram
1340 3589 1435 3641 tmnsit
1452 3587 1575 3660 finesque
1589 3591 1783 3659 Peloponnesi.

191 3671 235 3723 tio
252 3661 300 3738 lit,
315 3671 399 3724 etiam
414 3669 582 3724 Didascalicis
595 3671 624 3724 ιιι
633 3681 730 3742 poetas
744 3671 862 3744 tragicos
877 3683 904 3724 et
919 3691 969 3725 co·
1014 3665 1213 3743 'livreillenaie
1226 3671 1295 3750 ἀρχὴ
1307 3677 1354 3741 τῆς
1365 3672 1577 3740 Πελοποννήσου·
1589 3673 1667 3745 λιμὴν
1679 3671 1785 3737 Χωστὸς

190 3758 281 3811 rnicos
293 3757 325 3810 ιιι
336 3757 405 3811 vitae
421 3754 509 3809 libros
530 3766 584 3810 tres
603 3757 762 3812 inferciunt.
777 3759 860 3826 Quod
884 3777 969 3830 quam
1012 3759 1198 3816 breuissimi
1209 3757 1315 3835 higaion
1325 3759 1451 3833 λεγομένη
1462 3758 1550 3822 [lehre.
1568 3762 1698 3832 abrupto
1710 3763 1784 3814 sicin

188 3845 229 3897 sit
239 3844 412 3914 violentum,
431 3842 627 3914 arbitrarium,
648 3855 675 3898 et
691 3863 726 3898 ne
739 3844 886 3915 probabile
907 3849 970 3918 qui-
1012 3845 1107 3901 medio
1127 3865 1207 3900 versu
1231 3849 1346 3902 carmini
1368 3847 1554 3902 subtexuntur
1568 3848 1635 3899 item
1652 3848 1711 3899 sine
1724 3839 1784 3900 ullo

190 3931 273 3997 dem,
288 3929 439 3984 rectissime
451 3941 623 3984 monuerunt
632 3949 730 3984 censor
740 3932 827 3986 Musei
841 3931 968 3986 Rhenani
1013 3932 1094 3985 titulo
1110 3932 1264 4004 fragmenta
1274 3933 1332 3987 duo
1347 3935 1488 4005 prosaica,
1502 3933 1619 3988 alterurn
1642 3932 1677 3984 de
1693 3935 1784 3986 Attica

195 4013 527 4082 1832‚ttantiusinVit.
544 4017 745 4089 Aristophanis,
756 4018 821 4072 coll.
835 4019 969 4089 Epheme·
1013 4021 1174 4085 etBoeotia,
1200 4021 1318 4074 alterum
1338 4018 1489 4073 definibus
1509 4020 1634 4083 Graeciae,
1662 4018 1709 4072 illa
1727 4021 1784 4090 ipsa

191 4103 252 4162 rid.
264 4102 351 4158 schol.
364 4101 484 4174 ietap.
499 4100 565 4168 713,
576 4104 730 4158 etFnhrius
740 4123 769 4176 p.
783 4103 818 4157 85
832 4122 906 4176 sqq„
920 4108 968 4177 qui
1012 4116 1082 4173 sunt,
1097 4123 1219 4176 quorum
1235 4125 1317 4178 supra
1330 4108 1500 4160 mentionem
1514 4105 1638 4158 fecimus.
1649 4107 1714 4158 Post
1728 4107 1785 4160 hec

191 4191 346 4245 satissime
367 4187 403 4242 de
424 4188 469 4246 bis
487 4192 617 4261 exponit,
638 4209 815 4262 quamquam
827 4193 885 4264 ipse
908 4211 969 4264 quae
1013 4192 1107 4245 denuo
1124 4193 1223 4264 incipit
1244 4193 1421 4266 geographus
1440 4193 1587 4255 metricus,
1605 4193 1786 4264 sequiturque

187 4277 279 4332 fuerit
300 4265 395 4346 operis
405 4273 553 4340 adornah'o
569 4277 597 4327 in
617 4275 712 4329 medio
728 4277 870 4348 relinquit.
895 4279 969 4334 Nolo
1013 4278 1078 4330 item
1096 4278 1201 4351 absque
1221 4279 1303 4333 titulo
1318 4279 1517 4352 fragmentum,
1532 4296 1589 4349 quo
1604 4278 1689 4331 Cretae
1701 4280 1786 4334 urbes

188 4379 249 4435 ego
258 4362 400 4414 haecnunc
411 4371 553 4432 repetere3
569 4362 667 4416 inutile
682 4363 755 4415 enim
769 4362 851 4420 foret.
866 4367 969 4419 Verum
1013 4376 1096 4435 atque
1113 4366 1227 4420 nomina
1248 4367 1399 4420 insularum
1416 4366 1499 4418 maris
1512 4365 1598 4437 AEgaet
1623 4354 1785 4419 enumerari·

188 4467 304 4503 causam
322 4465 464 4519 exponere
482 4447 581 4517 refert,
596 4467 646 4504 cur
659 4451 711 4503 viri
735 4453 827 4504 eximii
847 4454 876 4504 in
894 4453 969 4523 ejus·
1014 4461 1068 4504 tur.
1082 4451 1125 4504 ad
1139 4449 1224 4505 finem
1243 4451 1366 4524 denique
1377 4451 1459 4522 hujus
1471 4452 1617 4524 fragmenti
1635 4452 1784 4505 subscribi-

188 4534 271 4590 modi
279 4533 445 4588 sententiam
455 4535 728 4608 compellerentur·,F
731 4537 826 4590 nhrius
834 4557 912 4606 vcro,
920 4543 968 4593 etsi
1014 4547 1078 4589 tur:
1100 4536 1260 4613 Δικαιάρχου
1273 4536 1409 4614 ἀναγραφὴ
1429 4540 1474 4604 τῆς
1492 4523 1628 4593 Ἑλλάδος.
1652 4540 1784 4609 Sequitur

187 4621 301 4676 admitti
309 4637 373 4676 οιιιιι
386 4637 445 4673 non
453 4637 534 4693 posse
540 4625 731 4694 perspexisset,
744 4634 835 4678 tamen
846 4625 880 4678 dc
889 4623 970 4679 refin·
1013 4625 1148 4694 Serranus
1162 4625 1260 4691 Chius,
1275 4627 1354 4679 nullo
1363 4625 1577 4697 pralixotitulo,
1588 4627 1635 4695 qui
1647 4623 1723 4677 haud
1735 4625 1786 4678 du-

188 4707 284 4782 genda
300 4707 396 4779 operis
409 4705 593 4761 adornatione
606 4707 776 4780 desperaret.
792 4711 928 4764 h‘imimm
940 4713 969 4764 in
1013 4709 1059 4762 bic
1071 4709 1119 4763 fini
1131 4712 1257 4783 appictus
1270 4723 1329 4766 erat
1340 4731 1415 4765 nunc
1425 4711 1584 4783 deperdito.

188 4793 367 4848 editionibus
382 4791 614 4866 Geographorum
633 4796 774 4849 minorum
791 4807 930 4868 tamqnam
954 4817 970 4849 c
1052 4799 1096 4849 Sic
1108 4800 1191 4869 igitur
1206 4799 1343 4852 Parisinus
1357 4800 1465 4854 Noster.
1484 4799 1516 4850 ln
1531 4785 1695 4869 apographo
1710 4798 1786 4848 ller-

187 4879 346 4934 Dicaearchi
356 4879 418 4932 Vita
432 4877 544 4934 Graeciae
558 4879 724 4934 exhibentur
741 4882 796 4934 loci
811 4881 884 4956 duo,
897 4901 968 4954 quo·
1013 4885 1139 4936 cartiano
1148 4893 1176 4936 et
1190 4884 1265 4954 apud
1273 4884 1444 4955 Stephanum
1451 4894 1478 4936 et
1494 4883 1679 4939 lloeschelinm
1691 4881 1789 4933 titulus

188 4983 254 5022 rum
268 4967 360 5022 altero
375 4964 570 5043 describuntur
580 4967 705 5034 Athenae,
715 4967 799 5021 urbes
812 4969 923 5024 Boeotiae
943 4983 970 5022 et
1014 4967 1094 5024 aftne
1103 4967 1256 5024 adinitium
1265 4972 1394 5026 carminis
1404 4978 1595 5023 recocatnsest
1607 4987 1613 5018 :
1624 4964 1795 5038 Δικαιάρχου,
1870 4973 1875 4982 ’

188 5053 299 5112 ffltalcis
312 5052 454 5117 Euboica3
471 5053 558 5106 altero
573 5065 671 5108 auctor
687 5055 780 5107 inultis
802 5073 830 5108 se
844 5055 970 5109 defendit
1015 5054 1161 5132 ’λνιγριφὴ
1172 5058 1216 5122 τῆς
1230 5053 1357 5119 Ἑλλάδος
1371 5053 1619 5132 np'ocflzo'apccrov.
1635 5049 1791 5110 Hndsonua
