3834 5767
801 364 1050 426 FRAGMENTA.
1666 382 1720 431 tut

153 496 251 552 tastu
267 482 460 563 aracosia*
430 516 460 550 ου
484 491 515 550 ἂν
538 482 556 570 ᾖ
577 490 607 549 eii
625 494 727 571 πρῶτον
728 492 781 557 είς
799 491 908 562 Ἀθήνας

154 579 301 665 ἀροραίριινος
318 578 381 645 νεὼς
394 602 439 635 ιιαι
429 578 486 636 τὸ
509 578 641 655 πόλισμα,
660 577 751 660 θριται
768 578 841 657 παρὰ
861 579 908 648 τὴν

153 669 203 725 θδθν
212 661 310 736 αὗσῆν’
288 666 495 777 ιριιοδομημένον
508 671 619 742 μνῆμα,
633 657 722 724 οἷον
697 689 747 745 συχ
758 663 843 742 ἕτερον
851 666 909 723 οὐδὲ

153 754 259 830 σύνεγγυς
272 752 343 811 etti
355 756 412 811 ion
420 776 458 810 τοι
438 753 581 829 “paen
594 757 681 814 Τοῦτο
691 754 755 811 δὲ
732 777 762 811 το
776 754 824 829 μὲν
835 756 907 832 πρῶ·

964 508 1011 551 est.
1027 498 1173 567 Quaerere
1187 496 1260 551 ratio
1272 495 1493 595 fragmentorum
1503 510 1668 571 argumento
1684 502 1728 553 in-

952 582 1076 637 tercedat
1090 601 1153 637 cum
1171 583 1252 636 rinno
1267 584 1374 655 operis,
1397 583 1479 637 dici
1468 603 1526 654 Jarn
1540 587 1647 657 nequit.
1665 589 1726 640 Hoc

953 678 1044 723 tamen
1058 670 1120 739 jure
1133 688 1238 737 sumas,
1250 688 1309 723 non
1329 670 1359 723 id
1373 670 1458 743 egisse
1477 673 1682 740 Βίοιιιιιιι,1ιιιιιι
1697 684 1729 726 ιιι

954 758 1101 810 oraculum
1121 757 1360 829 TrophoniumJ
1337 756 1451 828 ejusque
1470 748 1538 812 ritus
1559 771 1587 812 et
1607 761 1727 815 instituta
1749 758 1751 761 ’

151 864 196 911 τον,
205 842 263 920 irrep
276 840 358 913 εἰκὸς,
378 839 396 910 ἢ
411 812 556 899 Μίλτισίδω
565 840 663 920 'pisan
677 844 778 920 σαριῗνς,
792 839 809 910 ἢ
830 844 908 918 Περι·
951 861 1004 914 per
1015 844 1107 915 plures
1119 842 1250 914 deinceps
1261 842 1346 896 libros
1357 842 1516 897 admodum
1525 846 1731 917 periegetarum

151 929 228 994 κλέους
242 928 259 999 θ,
278 928 397 1005 Κίμωνος
410 928 506 999 ἥτινος
519 928 607 1006 ἑτέρου
620 932 672 985 τῶν
691 932 794 1005 ἀγαθῶν
809 930 908 1007 ἀνδρῶν

152 1008 222 1073 εἶναι·
243 1016 358 1091 palmea
378 1014 426 1089 μὲν
441 1014 492 1073 ὑπὸ
509 1019 556 1087 τῆς
572 1016 672 1080 πόλεως
691 1015 804 1095 δημοσία
833 1038 908 1072 κατι-

149 1101 325 1178 mauspleus·
338 1105 362 1159 el
377 1100 404 1159 δὲ
418 1101 473 1178 μὴ,
486 1102 639 1180 δεδογμένον
653 1101 909 1161 κατασκευάσασθαι.

150 1189 254 1249 llslrsl'
265 1187 327 1246 ὅταν
337 1189 446 1265 ἐξετάσῃ
463 1190 618 1258 Πυθιονίκης
630 1193 677 1260 τῆς
687 1189 806 1265 ἑταίρας,
817 1189 908 1257 ἥντινα

148 1276 193 1354 γρὴ
204 1266 357 1355 ίιροσδοίιίαν
372 1276 463 1334 λαθεῖν
477 1274 569 1347 αθτόνρ
585 1303 597 1327 s
612 1278 655 1333 Cf.
668 1279 807 1333 Plutarch.
820 1279 907 1332 Phoc.

150 1385 193 1434 ²²3
207 1368 320 1420 Panna.
337 1368 366 1432 1,
384 1366 431 1433 37.
624 1397 628 1404 ‹

392 1574 398 1583 γ
497 1505 543 1574 73.

182 1655 272 1707 Cicero
282 1650 328 1705 Ad
337 1651 420 1707 attic.
429 1652 480 1718 vl,
491 1644 512 1704 'a
524 1668 530 1703 :
547 1652 911 1722 «Peloponnesiascivitatcs

152 1755 234 1792 omnes
252 1742 409 1792 nratitimas
424 1756 483 1790 esse
498 1737 615 1791 hominis
633 1756 688 1791 non
709 1756 840 1809 nequam,
860 1740 912 1791 sed

150 1831 221 1879 etiam
228 1838 273 1879 trra
277 1826 385 1895 judicio
392 1825 506 1897 probati
512 1823 672 1878 Dicaearcht'
685 1824 785 1877 tabulis
796 1822 911 1890 (fabulis

150 1912 214 1983 conj.
225 1912 327 1984 Fnhr.)
341 1913 459 1965 credidi.
473 1914 505 1964 Is
520 1917 592 1965 eninr
607 1912 699 1965 inultis
715 1912 868 1965 nominibus
881 1918 909 1965 in

153 2000 332 2073 Trophoniana
344 1997 499 2070 Charonis(
505 1998 743 2071 Ctramntsvarl.)
750 2005 911 2053 narratione

151 2088 244 2141 Gnaeos
253 2093 281 2140 in
293 2105 327 2141 eo
335 2086 516 2159 reprehendit,
531 2088 686 2158 quodmare
693 2096 750 2139 torn
758 2092 842 2138 secuti
847 2099 912 2139 sunt

149 2176 275 2227 mculbnn
283 2180 314 2227 in
322 2175 513 2246 Peloponneso
520 2175 606 2227 Ιοοιννιι
616 2178 729 2245 excipit.
740 2174 828 2243 (luurn
839 2174 910 2226 mihi

149 2274 230 2315 metor
232 2262 357 2333 placeret
369 2259 477 2333 [etenim
487 2258 752 2334 eratloropno'nuror
761 2272 790 2313 et
797 2266 912 2313 vixerat

150 2355 174 2400 in
183 2342 394 2421 Peloponneso),
409 2348 572 2401 admirabar
586 2358 678 2401 tamen
685 2364 696 2412 ‚·
711 2358 740 2399 et
750 2350 802 2400 uic
813 2364 909 2399 acere-

149 2434 206 2487 dens
221 2440 416 2488 communicavi
437 2452 499 2487 cum
516 2435 656 2505 Dionysio.
675 2438 765 2506 Atque
783 2439 806 2485 is
815 2439 910 2506 primo

148 2532 183 2572 est
189 2532 343 2587 mmmotrrs,
357 2522 460 2575 deinde
473 2522 547 2592 quod
559 2531 614 2574 tum
629 2522 665 2573 de
678 2525 730 2574 isto
742 2521 910 2575 Dicaearcho

148 2626 194 2661 non
204 2614 291 2663 minus
300 2610 370 2663 bene
382 2609 562 2662 existimabat
577 2626 660 2680 quam
674 2619 702 2661 tu
715 2608 750 2660 de
763 2608 793 2664 C.
813 2610 839 2659 V
838 2621 910 2663 esto·

147 2700 192 2756 rio,
211 2714 261 2767 ega
273 2695 362 2751 deM.
377 2694 512 2759 Camerio,
527 2713 581 2748 non
590 2694 806 2765 dubitabatquin
816 2700 842 2747 ei
850 2714 909 2748 cre·

147 2782 266 2837 delemus.
284 2783 420 2835 Arcadiae
427 2783 557 2837 censebat
569 2800 629 2835 esse
638 2784 761 2852 Lepreon
770 2782 908 2853 quoddam

147 2874 314 2935 νιιιινίιίνιιιιννι,ι
332 2870 423 2922 Tenea
433 2880 525 2922 autem
534 2881 563 2922 et
569 2867 704 2941 Aliphera
712 2878 741 2921 et
753 2870 842 2920 Tritia
850 2887 908 2921 νεο·

146 2974 226 3010 anm
242 2962 268 3011 ei
278 2957 465 3021 uidebantur;
483 2956 567 3027 idque
582 2956 620 3030 τῷ
633 2955 684 3016 τῶν
696 2954 759 3009 ναῶν
770 2949 908 3030 καταλόγῳ

145 3041 325 3112 confirmabat,
344 3040 392 3097 ubi
412 3047 513 3097 mentio
538 3060 593 3095 non
605 3041 648 3113 fit
669 3047 790 3096 istorum.
819 3045 909 3113 Atque

147 3134 217 3182 istun
239 3148 290 3204 ego
321 3132 409 3185 ἱοαιιιιι
441 3130 553 3184 totidem
573 3129 667 3183 uerbis
694 3146 714 3182 a
742 3128 909 3183 Dicaearcho

146 3218 269 3274 Μηςηιίί.
285 3242 298 3267 ν

176 3306 295 3377 Respicit
326 3306 425 3360 Cicero
450 3322 483 3359 ea
502 3323 564 3377 quae
591 3304 699 3377 scripsit
721 3303 751 3356 in
773 3302 847 3356 libro
865 3304 907 3357 De

146 3390 207 3462 hep.
216 3388 257 3461 ll,
269 3398 285 3456 l
299 3411 307 3445 ι
321 3392 509 3446 Multaetiam
522 3392 564 3445 ad
571 3394 711 3444 lutarium
730 3394 908 3443 invitamenta
965 3429 970 3443 -.

144 3483 285 3545 perniciosa
297 3480 453 3532 civitatibus
463 3480 674 3551 suppeditantur
683 3483 765 3542 mari,
782 3496 847 3549 quoe
859 3480 910 3530 uel

147 3570 276 3635 sapiuntm
284 3568 335 3620 vet
357 3571 547 3638 importantur,
564 3577 647 3637 atque
659 3562 837 3618 habetetiam
847 3567 908 3635 ipsa

148 3644 189 3693 eet
196 3656 364 3717 sumptuosas
375 3646 426 3698 uel
438 3644 587 3697 desidiosas
599 3644 742 3697 illecebras
752 3644 853 3696 multas
860 3660 906 3695 cu·

147 3730 288 3796 paranni.
305 3733 425 3804 Ecquod
435 3733 472 3784 ele
490 3730 623 3785 Corintho
631 3732 693 3783 dixi
698 3772 704 3797 ‚
722 3732 754 3783 id
763 3730 843 3785 haud
850 3735 908 3784 scio

150 3832 182 3866 on
191 3819 267 3871 liceat
277 3821 314 3873 de
324 3830 423 3872 cuneta
438 3820 549 3872 Gracia
558 3824 701 3872 uerissima
717 3818 810 3872 dicere
820 3836 830 3869 .·
839 3836 906 3872 nam

150 3914 173 3953 et
189 3908 242 3976 ipsa
262 3907 467 3980 Peloponnesus
477 3896 546 3974 seia
567 3917 624 3959 tota
642 3911 671 3959 in
689 3910 763 3958 arari
781 3916 823 3959 est
826 3924 837 3970 ‚·
857 3924 907 3959 nec

149 4002 238 4056 preter
245 3991 384 4045 Phliasios
394 3993 444 4044 ulli
451 4003 525 4058 sunt,
539 4010 651 4064 quorum
663 3996 727 4061 agri
736 4010 790 4045 non
799 3997 907 4045 contin-

151 4086 209 4140 gant
218 4096 307 4144 mare,·
318 4092 346 4133 et
354 4091 436 4134 exau
445 4081 662 4152 Peloponnesum
672 4082 806 4133 AEnianes
813 4092 843 4133 et
850 4082 907 4135 Do-

152 4179 186 4212 rcs
194 4176 218 4217 et
228 4168 345 4239 Dolopes
356 4170 411 4221 soli
418 4164 545 4220 absuntn
553 4172 635 4220 mari.

183 4252 262 4323 Igitur
273 4253 429 4327 fragmenta
441 4250 566 4308 indicant
580 4255 608 4307 in
622 4272 709 4326 opere
722 4265 820 4308 nostro
835 4256 908 4311 inter

151 4336 193 4390 alia
206 4350 439 4394 certesermonem
450 4340 486 4394 de
497 4341 660 4395 Graeeorum
675 4342 782 4394 lrrsnria
793 4340 906 4411 ejusque

150 4427 223 4478 carnis
234 4425 326 4497 luisseJ
335 4440 460 4481 narrasse
469 4438 562 4482 autem
572 4429 630 4481 haec
642 4428 807 4483 Chaeronem
819 4446 907 4498 quen·

150 4509 204 4564 dam
218 4517 308 4569 neseio
331 4516 460 4582 cuinam;
482 4513 532 4569 §ed
554 4514 663 4568 assuisse
676 4515 792 4568 alteram
812 4532 907 4586 perso

149 4614 203 4650 mm
216 4600 340 4655 Choerorn
356 4618 437 4655 aures
449 4601 622 4673 praebentem
631 4602 675 4655 vel
690 4620 752 4655 cum
768 4619 802 4655 eo
816 4602 905 4654 collo-

150 4696 267 4753 quentem
279 4699 498 4743 consentancum
512 4700 596 4759 atque
610 4706 644 4741 ex
658 4706 738 4742 more
750 4690 904 4742 Dicaearchi

151 4846 193 4893 tun
208 4848 271 4898 siat
285 4849 389 4898 utaliud
401 4848 479 4897 ullum
494 4847 569 4909 possit
582 4848 694 4897 conteni.
712 4852 764 4897 lloc
776 4849 906 4909 igitursta-

152 4922 275 4975 indixerit
285 4928 325 4976 ille
337 4940 390 4975 esse
398 4918 441 4975 aut
452 4925 565 4974 Miltiadis
577 4924 643 4973 luud
655 4924 741 4985 dubie,
754 4927 797 4973 aut
810 4926 907 4974 Periclis

151 5002 184 5045 Ἀθ
200 5002 299 5052 elnonis
311 5003 424 5052 astallus
440 5001 566 5063 cuirisdam
581 5001 726 5063 optimorum
739 5002 862 5059 virorum
875 5002 905 5050 il-

152 5074 326 5139 bmuepnbfioe
332 5072 650 5139 maxinieeivilatissumptu
659 5079 904 5127 ίιιίσιιοιιιιιιιιιιιιι.

952 929 1132 986 describeret.
1154 931 1258 985 Verum
1271 930 1351 985 sicuti
1369 928 1496 1003 dialogos
1511 933 1554 985 De
1581 926 1727 987 auimn'iu·

952 1018 1061 1089 scripsit
1070 1013 1215 1080 Αισθιακδς
1225 1028 1252 1070 et
1262 1013 1437 1093 Κορινθιακὸς,
1450 1020 1582 1089 quoniam
1591 1021 1730 1090 Mytilenis

953 1113 980 1156 et
1005 1104 1134 1159 Corinthi
1157 1105 1274 1157 instituti
1287 1100 1476 1176 fingebantur,
1498 1106 1623 1158 similiter
1646 1108 1729 1161 etiam

953 1191 1041 1243 nostri
1063 1192 1156 1262 operis
1178 1191 1322 1263 inscriptio
1337 1208 1372 1243 ex
1390 1192 1512 1259 ratione,
1532 1208 1587 1263 qua
1603 1190 1726 1264 disputa·

953 1278 1059 1330 tionem
1067 1277 1102 1330 de
1114 1279 1177 1331 loco
1185 1276 1221 1331 ad
1233 1276 1438 1349 philosophiam
1447 1278 1581 1331 moralem
1589 1288 1731 1349 spectante

952 1369 1051 1417 auctor
1060 1364 1262 1431 introduxerit,
1277 1362 1442 1435 explicanda
1452 1381 1509 1417 esse
1519 1363 1640 1417 videtur.
1653 1366 1729 1419 Num

953 1452 1040 1523 igitur
1055 1450 1135 1505 finxit
1147 1452 1309 1506 Chaeronem
1323 1450 1478 1523 Trophonii
1493 1462 1603 1505 antrum
1620 1454 1728 1526 ingres-

954 1554 1014 1589 sum
1033 1556 1099 1591 mox
1113 1538 1226 1593 rediisse
1241 1538 1321 1605 inde,
1334 1539 1415 1592 sicuti
1429 1540 1617 1592 Parmeniscus
1628 1541 1727 1613 Pytha·
1805 1582 1812 1591 .

953 1642 1054 1696 gorens
1066 1622 1130 1698 (ap.
1145 1626 1248 1679 Athen.
1264 1626 1344 1694 xlv,
1357 1644 1386 1697 p.
1402 1623 1457 1689 614
1471 1625 1479 1699 )
1491 1626 1604 1680 rediisse
1614 1626 1726 1697 dieitur,

954 1710 1076 1777 tristem,
1089 1728 1232 1777 severum,
1246 1711 1321 1783 vulgi
1336 1711 1427 1765 studia
1437 1712 1578 1783 malasque
1593 1714 1728 1785 eupidita-

954 1807 994 1849 tes
1004 1816 1132 1865 exosum,
1152 1808 1235 1869 atque
1258 1799 1296 1851 sic
1312 1798 1465 1853 adductum
1482 1818 1537 1854 esse
1550 1812 1581 1855 ut
1594 1803 1622 1854 in
1635 1821 1729 1856 causas

952 1902 1105 1954 pravorum
1114 1886 1230 1938 istorum
1238 1885 1314 1957 apud
1322 1886 1431 1941 Graecos
1438 1886 1594 1941 studiorum
1604 1890 1728 1960 inquire-

953 1971 1015 2023 ret?
1033 1974 1077 2024 An
1100 1972 1262 2025 Chaeronem
1281 1982 1426 2045 putemus,
1446 1974 1527 2027 sicuti
1548 1974 1727 2030 'Timarchum

954 2057 1143 2131 Socraticum,
1159 2058 1378 2113 reconditiorem
1390 2061 1552 2131 sapientiam
1566 2080 1581 2115 c
1593 2064 1726 2135 Tropho-

953 2144 993 2195 nii
1005 2163 1090 2216 specu
1104 2145 1244 2199 abstulisse
1261 2144 1306 2218 (V.
1321 2146 1463 2202 Plutarch.
1479 2150 1520 2201 De
1533 2150 1603 2204 Gen.
1616 2150 1724 2205 Socrui.
1825 2164 1838 2197 ··

952 2250 982 2302 p.
1001 2230 1053 2304 59¹
1068 2244 1132 2304 sqq.
1144 2233 1238 2286 multis
1255 2231 1290 2285 de
1306 2232 1361 2286 hoc
1373 2232 1516 2288 Timarchi
1529 2235 1558 2287 in
1572 2235 1727 2307 Trophonii

953 2329 1063 2371 antrum
1076 2317 1207 2373 descensu
1230 2318 1409 2391 exponens)?
1422 2318 1454 2393 ξ’)
1469 2320 1513 2373 An
1530 2320 1651 2393 denique
1664 2342 1726 2377 cum

952 2403 1072 2458 Mirllero
1089 2404 1179 2477 (Min.
1195 2424 1224 2477 p.
1244 2404 1317 2479 130)
1340 2406 1512 2460 censebimus
1525 2426 1617 2461 ansam
1631 2408 1726 2482 dispu-

953 2491 1065 2545 tationis
1076 2490 1186 2545 fraudes
1194 2491 1301 2546 dedisse
1309 2503 1337 2547 et
1346 2494 1498 2565 praestigia,
1508 2511 1628 2564 quorum
1640 2513 1727 2567 opera

952 2576 1109 2631 sacerdotes
1121 2578 1276 2650 Trophonii
1288 2579 1388 2651 vulgrrs
1404 2596 1554 2651 emungere
1568 2580 1642 2633 soliti
1655 2582 1727 2635 sint?

952 2664 1211 2719 ltaenimMiillerus
1223 2683 1229 2719 :
1242 2688 1255 2713 ν
1267 2666 1320 2719 Die
1329 2664 1727 2721 attischenKomikererwaeh-

952 2767 1008 2802 nen
1029 2750 1078 2803 ihu
1091 2746 1102 2823 (
1113 2769 1152 2804 sc.
1169 2752 1383 2825 Trophonium)
1398 2748 1447 2826 Γ)
1463 2752 1587 2818 iiberall,
1610 2772 1656 2807 wo
1670 2773 1726 2807 vari

885 2862 892 2882 t
952 2827 1191 2897 Schmausereien,
1204 2830 1344 2884 Parasiten
1357 2829 1417 2885 und
1424 2831 1607 2885 Boeotischem
1620 2832 1726 2886 Bouch-

952 2912 1058 2967 dienste
1076 2914 1121 2969 die
1143 2916 1221 2971 Rede
1236 2918 1270 2971 ist
1285 2935 1293 2969 ι
1309 2916 1369 2970 und
1389 2915 1464 2971 hoert
1477 2936 1542 2976 man
1565 2918 1723 2987 Dicaearch,

955 3000 1011 3053 den
1032 2999 1232 3075 aulgchlaerten
1251 3003 1517 3057 Aristotelilseruud
1540 3004 1640 3057 Homer
1662 3007 1726 3059 alles

952 3088 1184 3155 Priesterwesens,
1196 3091 1225 3142 in
1233 3090 1337 3144 seinem
1350 3090 1444 3145 Buche
1453 3090 1549 3145 Ueber
1559 3090 1607 3145 das
1618 3094 1723 3147 Hinab-

953 3174 1059 3247 steigen
1072 3194 1135 3229 zum
1149 3176 1327 3250 Trophonius
1343 3198 1350 3231 ι
1367 3202 1377 3227 ι
1389 3178 1468 3233 Eheu
1489 3196 1520 3232 so
1536 3180 1656 3234 moechte
1668 3182 1726 3235 sich

951 3262 1030 3314 einer
1039 3264 1177 3334 gestimmt
1188 3264 1299 3333 ffihlen,
1316 3263 1367 3319 der
1381 3283 1438 3318 von
1451 3266 1605 3321 Eleusishcr
1614 3266 1665 3319 anf
1676 3268 1727 3323 der

950 3345 1072 3419 heiligen
1083 3349 1185 3403 Strasse
1196 3350 1267 3404 nach
1280 3351 1371 3405 Athen
1379 3350 1517 3419 wandert,
1527 3351 1587 3405 und
1598 3371 1667 3420 nun,
1681 3374 1725 3407 νιο

950 3432 1008 3485 sich
1026 3434 1102 3508 Burg
1113 3435 1173 3489 und
1186 3438 1418 3511 Athenentempcl
1432 3449 1522 3493 zucrst
1540 3438 1597 3493 den
1610 3440 1726 3495 Biickeu

950 3521 1060 3593 wigen,
1084 3540 1129 3576 arn
1147 3524 1235 3596 Wege
1253 3525 1408 3596 ploetzlich‚
1427 3536 1491 3579 statt
1505 3523 1641 3579 Miltiades
1656 3528 1726 3581 oder

950 3606 1062 3661 Cimons
1082 3610 1262 3678 Monument‚
1277 3611 1327 3665 das
1339 3612 1500 3684 angeheure
1513 3611 1657 3683 Cenotaph
1676 3597 1726 3668 cler

950 3693 1099 3750 Lustdirne
1114 3697 1271 3767 Pythonike
1287 3696 1406 3751 erblieht
1427 3720 1439 3745 ν
1464 3716 1471 3750 ε
1490 3715 1548 3751 νισι
1560 3698 1672 3770 glaubte
1690 3699 1725 3753 da
1796 3704 1799 3715 ’

983 3794 1013 3856 (*)
1029 3796 1068 3844 Sic
1079 3796 1128 3844 lere
1145 3798 1317 3846 nortmannum
1330 3798 1439 3846 statuisse
1457 3798 1573 3859 suspicor.
1588 3798 1681 3846 Etenim
1695 3800 1725 3847 de

950 3862 1072 3913 ciceronis
1084 3866 1137 3914 loro
1150 3866 1195 3927 (tr.
1208 3872 1237 3916 73
1248 3870 1256 3927 )
1266 3868 1339 3916 verm
1354 3868 1440 3915 taciens
1453 3868 1485 3915 alt
1495 3880 1518 3929 p.
1530 3873 1577 3929 st:
1589 3886 1600 3908 ι
1615 3870 1659 3916 illc
1669 3882 1725 3917 iero

950 3947 999 3983 non
1008 3934 1040 3983 de
1048 3936 1136 3985 tabulis
1147 3936 1322 3999 geographicis,
1336 3936 1377 3985 sed
1386 3936 1417 3983 da
1426 3936 1488 3984 libro
1497 3937 1602 3997 quodam
1614 3950 1685 3998 quem
1696 3952 1722 3987 se

951 4019 983 4055 ex
994 4006 1085 4056 oraculi
1092 4009 1201 4057 cavernis
1209 4009 1334 4070 protulisse
1343 4010 1467 4070 perhibeat
1474 4012 1558 4057 auctor
1571 4009 1723 4069 cogitandum

952 4089 1018 4136 esse,
1029 4077 1054 4124 in
1062 4076 1223 4138 disputatione
1235 4078 1265 4127 de
1277 4079 1322 4127 hoc
1332 4080 1392 4127 libro
1401 4078 1507 4127 iacienda
1517 4078 1640 4127 ostendere
1650 4092 1720 4129 cona-

951 4144 1002 4192 bor.
1021 4164 1032 4187 ι
1045 4145 1080 4193 td
1090 4146 1304 4195 commendandam
1316 4147 1377 4196 hanc
1388 4148 1524 4209 opinionem
1541 4149 1723 4198 alienarentur

950 4216 1114 4276 pussetlocum
1123 4216 1180 4264 lolii
1188 4217 1346 4278 obsequentis
1356 4221 1389 4266 De
1399 4217 1489 4279 prodig.
1501 4232 1522 4266 c.
1539 4225 1590 4277 lio,
1602 4217 1642 4265 ubi
1652 4223 1724 4281 Euty-

950 4284 1256 4349 chideseTroplioniispecu
1267 4288 1479 4350 librurnquendsm
1486 4289 1599 4337 extulisse
1604 4294 1723 4341 narratur.

984 4356 1028 4415 (**)
1039 4360 1128 4405 Contra
1140 4356 1243 4405 Fuhrius
1255 4368 1279 4417 p.
1297 4362 1339 4405 tlt
1357 4376 1362 4405 ι
1376 4376 1387 4399 ι
1401 4361 1438 4405 Ex
1449 4357 1560 4406 omnibus
1569 4358 1610 4420 qui
1621 4359 1723 4408 esliihiti

951 4427 1009 4473 sunt
1027 4426 1085 4474 loeis
1102 4425 1133 4474 de
1143 4426 1272 4487 Trophonii
1287 4439 1387 4487 persona
1399 4427 1437 4475 vel
1447 4429 1545 4476 omuino
1558 4428 1588 4477 de
1597 4434 1720 4479 momento

950 4494 1122 4554 ejusvooabuli
1134 4497 1159 4543 in
1173 4493 1345 4545 eomoediamm
1363 4497 1540 4558 inscriptionem
1552 4497 1653 4547 adliiliili
1667 4499 1725 4547 eleli-

950 4566 1000 4631 nite
1017 4566 1075 4614 nihil
1088 4566 1241 4626 pronuntiari
1257 4568 1377 4627 potest.»
1365 4566 1460 4617 »roem
1474 4568 1609 4629 suspicatur
1629 4572 1724 4631 Τρσρὼ·

950 4651 997 4690 νιος
1006 4635 1176 4684 eomoediarum
1186 4635 1365 4697 inscriptionem
1375 4636 1512 4698 appellativi
1527 4640 1607 4699 potius
1619 4652 1723 4699 nnsurn,

950 4703 1011 4753 hene
1024 4706 1090 4765 alti,
1102 4706 1219 4754 lrabuisse.

948 4850 986 4898 sin
1001 4851 1094 4911 minus,
1115 4836 1222 4913 publio!
1230 4854 1295 4902 certe
1313 4852 1408 4901 decreto
1426 4853 1540 4915 positum.
1556 4856 1646 4903 ltursus
1666 4868 1724 4902 vero

950 4939 1025 4986 quum
1041 4928 1183 4978 soncitmdo
1199 4930 1336 4990 cognoverit
1354 4942 1405 4977 esse
1417 4928 1463 4977 troc
1484 4930 1631 4989 l'ytlrioniea
1647 4944 1723 4978 mere·

949 5002 1015 5050 tricis
1021 5003 1131 5063 ‚uitatem
1143 5004 1186 5064 (de
1196 5005 1391 5064 sitientemilius)
1399 5004 1637 5101 opinionemdebebit
1645 5008 1723 5054 conci

952 5082 1046 5141 percio
