<?xml version="1.0" encoding="UTF-8"?>
<!DOCTYPE html PUBLIC "-//W3C//DTD XHTML 1.0 Transitional//EN"
    "http://www.w3.org/TR/xhtml1/DTD/xhtml1-transitional.dtd">
<html xmlns="http://www.w3.org/1999/xhtml" xml:lang="en" lang="en">
 <head>
  <title>
</title>
<meta http-equiv="Content-Type" content="text/html;charset=utf-8" />
  <meta name='ocr-system' content='tesseract 3.04.00' />
  <meta name='ocr-capabilities' content='ocr_page ocr_carea ocr_par ocr_line ocrx_word'/>
</head>
<body>
  <div class='ocr_page' id='page_1' title='image "./fragmentahistor01unkngoog/fragmentahistor01unkngoog_0119.png"; bbox 0 0 3834 5767; ppageno 0'>
   <div class='ocr_carea' id='block_1_1' title="bbox 503 221 1457 450">
    <p class='ocr_par' dir='ltr' id='par_1_1' title="bbox 503 221 1457 450">
     <span class='ocr_line' id='line_1_1' title="bbox 503 221 1457 450; baseline -0.005 -2"><span class='ocrx_word' id='word_1_1' title='bbox 503 221 946 450; x_wconf 74' lang='lat' dir='ltr'>uiuimus</span> <span class='ocrx_word' id='word_1_2' title='bbox 985 309 1457 445; x_wconf 72' lang='lat' dir='ltr'>sissimus·</span> 
     </span>
    </p>
   </div>
   <div class='ocr_carea' id='block_1_2' title="bbox 825 621 1084 658">
    <p class='ocr_par' dir='ltr' id='par_1_2' title="bbox 825 621 1084 658">
     <span class='ocr_line' id='line_1_2' title="bbox 825 621 1084 658; baseline 0.012 -14"><span class='ocrx_word' id='word_1_3' title='bbox 825 621 1084 658; x_wconf 39' lang='grc' dir='ltr'>ιιι-ἠβ-</span> 
     </span>
    </p>
   </div>
   <div class='ocr_carea' id='block_1_3' title="bbox 167 789 1821 4768">
    <p class='ocr_par' dir='ltr' id='par_1_3' title="bbox 167 789 1774 1216">
     <span class='ocr_line' id='line_1_3' title="bbox 205 789 1773 872; baseline -0.006 -17"><span class='ocrx_word' id='word_1_4' title='bbox 205 801 321 872; x_wconf 86' lang='lat' dir='ltr'>Dionys.</span> <span class='ocrx_word' id='word_1_5' title='bbox 335 799 398 854; x_wconf 86' lang='lat' dir='ltr'>Hal.</span> <span class='ocrx_word' id='word_1_6' title='bbox 421 797 487 855; x_wconf 88' lang='lat' dir='ltr'>Jud.</span> <span class='ocrx_word' id='word_1_7' title='bbox 504 796 539 851; x_wconf 89' lang='lat' dir='ltr'>de</span> <span class='ocrx_word' id='word_1_8' title='bbox 553 796 641 851; x_wconf 87' lang='lat' dir='ltr'>Tbuc.</span> <span class='ocrx_word' id='word_1_9' title='bbox 661 815 685 851; x_wconf 89' lang='lat' dir='ltr'>e.</span> <span class='ocrx_word' id='word_1_10' title='bbox 701 792 717 848; x_wconf 88' lang='lat'><strong>5</strong></span> <span class='ocrx_word' id='word_1_11' title='bbox 735 813 742 847; x_wconf 91' lang='lat'>:</span> <span class='ocrx_word' id='word_1_12' title='bbox 758 789 858 867; x_wconf 88' lang='grc' dir='ltr'>Ὀλίγῳ</span> <span class='ocrx_word' id='word_1_13' title='bbox 872 812 937 867; x_wconf 84' lang='grc' dir='ltr'>πρε·</span> <span class='ocrx_word' id='word_1_14' title='bbox 1025 791 1133 846; x_wconf 88' lang='lat' dir='ltr'>Nobilis</span> <span class='ocrx_word' id='word_1_15' title='bbox 1141 791 1467 865; x_wconf 82' lang='lat' dir='ltr'>generisdivitiastestari</span> <span class='ocrx_word' id='word_1_16' title='bbox 1475 790 1589 844; x_wconf 83' lang='lat' dir='ltr'>videtur</span> <span class='ocrx_word' id='word_1_17' title='bbox 1597 790 1773 846; x_wconf 83' lang='lat' dir='ltr'>Suidasver-</span> 
     </span>
     <span class='ocr_line' id='line_1_4' title="bbox 167 875 1772 965; baseline -0.007 -24"><span class='ocrx_word' id='word_1_18' title='bbox 167 883 287 965; x_wconf 74' lang='grc' dir='ltr'>οθάτεροι</span> <span class='ocrx_word' id='word_1_19' title='bbox 299 886 350 941; x_wconf 93' lang='grc' dir='ltr'>τῶν</span> <span class='ocrx_word' id='word_1_20' title='bbox 361 883 611 952; x_wconf 78' lang='grc' dir='ltr'>Πελοποννησιακῶν</span> <span class='ocrx_word' id='word_1_21' title='bbox 623 878 668 937; x_wconf 79' lang='grc' dir='ltr'>καί</span> <span class='ocrx_word' id='word_1_22' title='bbox 683 877 761 956; x_wconf 80' lang='grc' dir='ltr'>μέχρι</span> <span class='ocrx_word' id='word_1_23' title='bbox 775 881 820 946; x_wconf 71' lang='grc' dir='ltr'>τῆς</span> <span class='ocrx_word' id='word_1_24' title='bbox 834 880 938 936; x_wconf 82' lang='grc' dir='ltr'>Θουκν-</span> <span class='ocrx_word' id='word_1_25' title='bbox 985 879 1029 932; x_wconf 89' lang='lat' dir='ltr'>bis</span> <span class='ocrx_word' id='word_1_26' title='bbox 1041 879 1094 933; x_wconf 88' lang='grc' dir='ltr'>τῶν</span> <span class='ocrx_word' id='word_1_27' title='bbox 1110 875 1311 934; x_wconf 89' lang='grc' dir='ltr'>πλουσιωτάτων</span> <span class='ocrx_word' id='word_1_28' title='bbox 1324 896 1331 930; x_wconf 91' lang='lat'>:</span> <span class='ocrx_word' id='word_1_29' title='bbox 1351 895 1415 932; x_wconf 90' lang='lat' dir='ltr'>nam</span> <span class='ocrx_word' id='word_1_30' title='bbox 1429 877 1542 930; x_wconf 88' lang='lat' dir='ltr'>alterius</span> <span class='ocrx_word' id='word_1_31' title='bbox 1553 877 1683 931; x_wconf 90' lang='lat' dir='ltr'>lectionis</span> <span class='ocrx_word' id='word_1_32' title='bbox 1701 876 1772 955; x_wconf 74' lang='grc' dir='ltr'>(τῶν</span> 
     </span>
     <span class='ocr_line' id='line_1_5' title="bbox 167 960 1771 1049; baseline -0.007 -21"><span class='ocrx_word' id='word_1_33' title='bbox 167 971 236 1028; x_wconf 87' lang='grc' dir='ltr'>δίδου</span> <span class='ocrx_word' id='word_1_34' title='bbox 247 969 460 1049; x_wconf 71' lang='grc' dir='ltr'>παρεκτείναντες</span> <span class='ocrx_word' id='word_1_35' title='bbox 473 966 578 1037; x_wconf 81' lang='grc' dir='ltr'>ἡλικίας</span> <span class='ocrx_word' id='word_1_36' title='bbox 589 963 742 1028; x_wconf 84' lang='grc' dir='ltr'>Ἑλλάνικός</span> <span class='ocrx_word' id='word_1_37' title='bbox 756 986 784 1021; x_wconf 85' lang='grc' dir='ltr'>τι</span> <span class='ocrx_word' id='word_1_38' title='bbox 803 967 817 1020; x_wconf 87' lang='grc' dir='ltr'>δ</span> <span class='ocrx_word' id='word_1_39' title='bbox 831 960 941 1025; x_wconf 62' lang='lat' dir='ltr'>lietzo&lt;</span> <span class='ocrx_word' id='word_1_40' title='bbox 986 960 1183 1038; x_wconf 70' lang='grc' dir='ltr'>παλαιοτάτων)</span> <span class='ocrx_word' id='word_1_41' title='bbox 1194 965 1345 1019; x_wconf 76' lang='lat' dir='ltr'><strong>auctoritas</strong></span> <span class='ocrx_word' id='word_1_42' title='bbox 1357 974 1397 1018; x_wconf 85' lang='lat' dir='ltr'>est</span> <span class='ocrx_word' id='word_1_43' title='bbox 1405 981 1485 1036; x_wconf 72' lang='grc' dir='ltr'>ρετινετ</span> <span class='ocrx_word' id='word_1_44' title='bbox 1492 964 1584 1031; x_wconf 89' lang='lat' dir='ltr'>nulla,</span> <span class='ocrx_word' id='word_1_45' title='bbox 1595 982 1771 1036; x_wconf 85' lang='lat' dir='ltr'>quamquam</span> 
     </span>
     <span class='ocr_line' id='line_1_6' title="bbox 167 1049 1770 1132; baseline -0.007 -17"><span class='ocrx_word' id='word_1_46' title='bbox 167 1055 212 1115; x_wconf 82' lang='grc' dir='ltr'>καί</span> <span class='ocrx_word' id='word_1_47' title='bbox 229 1057 372 1132; x_wconf 81' lang='grc' dir='ltr'>Δαμάστης</span> <span class='ocrx_word' id='word_1_48' title='bbox 391 1059 404 1114; x_wconf 85' lang='grc' dir='ltr'>θ</span> <span class='ocrx_word' id='word_1_49' title='bbox 420 1052 548 1131; x_wconf 74' lang='grc' dir='ltr'>Σιγειεὺς,</span> <span class='ocrx_word' id='word_1_50' title='bbox 562 1053 606 1110; x_wconf 82' lang='grc' dir='ltr'>καί</span> <span class='ocrx_word' id='word_1_51' title='bbox 621 1049 774 1127; x_wconf 79' lang='grc' dir='ltr'>Ξενομήδης</span> <span class='ocrx_word' id='word_1_52' title='bbox 787 1053 800 1106; x_wconf 86' lang='grc' dir='ltr'>θ</span> <span class='ocrx_word' id='word_1_53' title='bbox 814 1051 878 1114; x_wconf 81' lang='grc' dir='ltr'>Χῖος</span> <span class='ocrx_word' id='word_1_54' title='bbox 897 1049 942 1105; x_wconf 83' lang='grc' dir='ltr'>καὶ</span> <span class='ocrx_word' id='word_1_55' title='bbox 987 1052 1221 1124; x_wconf 85' lang='lat' dir='ltr'>acquiescendum</span> <span class='ocrx_word' id='word_1_56' title='bbox 1230 1069 1262 1106; x_wconf 87' lang='lat' dir='ltr'>ea</span> <span class='ocrx_word' id='word_1_57' title='bbox 1271 1052 1432 1124; x_wconf 79' lang='lat' dir='ltr'>putavitrir</span> <span class='ocrx_word' id='word_1_58' title='bbox 1444 1050 1545 1125; x_wconf 81' lang='lat' dir='ltr'>doctus</span> <span class='ocrx_word' id='word_1_59' title='bbox 1553 1051 1584 1105; x_wconf 91' lang='lat' dir='ltr'>in</span> <span class='ocrx_word' id='word_1_60' title='bbox 1594 1053 1692 1106; x_wconf 81' lang='lat' dir='ltr'>Museo</span> <span class='ocrx_word' id='word_1_61' title='bbox 1701 1054 1770 1106; x_wconf 88' lang='lat' dir='ltr'>erit.</span> 
     </span>
     <span class='ocr_line' id='line_1_7' title="bbox 168 1137 1774 1216; baseline -0.006 -16"><span class='ocrx_word' id='word_1_62' title='bbox 168 1142 267 1209; x_wconf 88' lang='grc' dir='ltr'>Ξάνθος</span> <span class='ocrx_word' id='word_1_63' title='bbox 278 1147 292 1200; x_wconf 82' lang='grc' dir='ltr'>θ</span> <span class='ocrx_word' id='word_1_64' title='bbox 302 1141 384 1207; x_wconf 77' lang='grc' dir='ltr'>Λυδὸς</span> <span class='ocrx_word' id='word_1_65' title='bbox 393 1140 438 1198; x_wconf 80' lang='grc' dir='ltr'>καί</span> <span class='ocrx_word' id='word_1_66' title='bbox 451 1140 525 1198; x_wconf 78' lang='grc' dir='ltr'>ἄλλοι</span> <span class='ocrx_word' id='word_1_67' title='bbox 537 1138 635 1216; x_wconf 84' lang='grc' dir='ltr'>συχνοί.</span> <span class='ocrx_word' id='word_1_68' title='bbox 987 1137 1146 1211; x_wconf 85' lang='lat' dir='ltr'>Cantabrig.</span> <span class='ocrx_word' id='word_1_69' title='bbox 1157 1148 1226 1192; x_wconf 91' lang='lat' dir='ltr'>tom.</span> <span class='ocrx_word' id='word_1_70' title='bbox 1238 1140 1277 1205; x_wconf 93' lang='grc' dir='ltr'>Π,</span> <span class='ocrx_word' id='word_1_71' title='bbox 1287 1157 1317 1210; x_wconf 85' lang='lat' dir='ltr'>p.</span> <span class='ocrx_word' id='word_1_72' title='bbox 1334 1137 1399 1192; x_wconf 83' lang='lat'>108.</span> <span class='ocrx_word' id='word_1_73' title='bbox 1410 1139 1447 1192; x_wconf 78' lang='lat' dir='ltr'>m</span> <span class='ocrx_word' id='word_1_74' title='bbox 1458 1155 1542 1192; x_wconf 88' lang='lat' dir='ltr'>nemo</span> <span class='ocrx_word' id='word_1_75' title='bbox 1552 1137 1666 1211; x_wconf 79' lang='lat' dir='ltr'>negabit</span> <span class='ocrx_word' id='word_1_76' title='bbox 1676 1138 1774 1192; x_wconf 84' lang='lat' dir='ltr'>verbis</span> 
     </span>
    </p>

    <p class='ocr_par' dir='ltr' id='par_1_4' title="bbox 168 1219 1774 1910">
     <span class='ocr_line' id='line_1_8' title="bbox 207 1219 1774 1304; baseline -0.006 -17"><span class='ocrx_word' id='word_1_77' title='bbox 207 1233 321 1288; x_wconf 88' lang='lat' dir='ltr'>Suidas:</span> <span class='ocrx_word' id='word_1_78' title='bbox 332 1227 484 1304; x_wconf 85' lang='grc' dir='ltr'>Δαμάστης,</span> <span class='ocrx_word' id='word_1_79' title='bbox 493 1225 608 1302; x_wconf 76' lang='grc' dir='ltr'>Σιγειεὺς</span> <span class='ocrx_word' id='word_1_80' title='bbox 617 1223 669 1282; x_wconf 74' lang='grc' dir='ltr'>ἀπὺ</span> <span class='ocrx_word' id='word_1_81' title='bbox 679 1221 780 1300; x_wconf 89' lang='grc' dir='ltr'>Σιγείου</span> <span class='ocrx_word' id='word_1_82' title='bbox 792 1219 941 1298; x_wconf 70' lang='grc' dir='ltr'>τῆτΤριοά-</span> <span class='ocrx_word' id='word_1_83' title='bbox 987 1226 1040 1280; x_wconf 88' lang='grc' dir='ltr'>τῶν</span> <span class='ocrx_word' id='word_1_84' title='bbox 1046 1223 1139 1281; x_wconf 86' lang='grc' dir='ltr'>πλουσ.</span> <span class='ocrx_word' id='word_1_85' title='bbox 1148 1226 1252 1279; x_wconf 88' lang='lat' dir='ltr'>insoliti</span> <span class='ocrx_word' id='word_1_86' title='bbox 1259 1225 1366 1296; x_wconf 87' lang='lat' dir='ltr'>aliquid</span> <span class='ocrx_word' id='word_1_87' title='bbox 1372 1226 1474 1291; x_wconf 77' lang='lat' dir='ltr'>inesse3</span> <span class='ocrx_word' id='word_1_88' title='bbox 1484 1223 1593 1278; x_wconf 87' lang='lat' dir='ltr'>accedit</span> <span class='ocrx_word' id='word_1_89' title='bbox 1600 1224 1681 1297; x_wconf 87' lang='lat' dir='ltr'>quod</span> <span class='ocrx_word' id='word_1_90' title='bbox 1688 1226 1774 1278; x_wconf 91' lang='lat' dir='ltr'>omit·</span> 
     </span>
     <span class='ocr_line' id='line_1_9' title="bbox 169 1310 1773 1391; baseline -0.006 -15"><span class='ocrx_word' id='word_1_91' title='bbox 169 1319 223 1388; x_wconf 90' lang='grc' dir='ltr'>δος,</span> <span class='ocrx_word' id='word_1_92' title='bbox 237 1316 386 1384; x_wconf 77' lang='grc' dir='ltr'>Διωξίππου</span> <span class='ocrx_word' id='word_1_93' title='bbox 401 1313 466 1383; x_wconf 81' lang='grc' dir='ltr'>υἱὸς,</span> <span class='ocrx_word' id='word_1_94' title='bbox 478 1313 588 1390; x_wconf 85' lang='grc' dir='ltr'>γεγονὼς</span> <span class='ocrx_word' id='word_1_95' title='bbox 602 1311 652 1391; x_wconf 86' lang='grc' dir='ltr'>πρὸ</span> <span class='ocrx_word' id='word_1_96' title='bbox 663 1315 714 1368; x_wconf 89' lang='grc' dir='ltr'>τῶν</span> <span class='ocrx_word' id='word_1_97' title='bbox 731 1312 944 1378; x_wconf 87' lang='grc' dir='ltr'>Πελοποννησια-</span> <span class='ocrx_word' id='word_1_98' title='bbox 989 1322 1086 1366; x_wconf 86' lang='lat' dir='ltr'>tuntur</span> <span class='ocrx_word' id='word_1_99' title='bbox 1099 1311 1135 1366; x_wconf 88' lang='lat' dir='ltr'>ab</span> <span class='ocrx_word' id='word_1_100' title='bbox 1147 1312 1282 1367; x_wconf 84' lang='lat' dir='ltr'>Eudocia.</span> <span class='ocrx_word' id='word_1_101' title='bbox 1296 1312 1396 1366; x_wconf 80' lang='lat' dir='ltr'>Nescio</span> <span class='ocrx_word' id='word_1_102' title='bbox 1408 1330 1443 1365; x_wconf 87' lang='lat' dir='ltr'>an</span> <span class='ocrx_word' id='word_1_103' title='bbox 1458 1329 1492 1364; x_wconf 82' lang='lat' dir='ltr'>ex</span> <span class='ocrx_word' id='word_1_104' title='bbox 1505 1310 1703 1366; x_wconf 88' lang='lat' dir='ltr'>antedentibus</span> <span class='ocrx_word' id='word_1_105' title='bbox 1719 1314 1773 1367; x_wconf 83' lang='grc' dir='ltr'>τῶν</span> 
     </span>
     <span class='ocr_line' id='line_1_10' title="bbox 168 1388 1770 1480; baseline -0.006 -19"><span class='ocrx_word' id='word_1_106' title='bbox 168 1408 232 1478; x_wconf 89' lang='grc' dir='ltr'>κῶν,</span> <span class='ocrx_word' id='word_1_107' title='bbox 246 1403 385 1480; x_wconf 68' lang='grc' dir='ltr'>σύγγρονος</span> <span class='ocrx_word' id='word_1_108' title='bbox 399 1399 546 1479; x_wconf 83' lang='grc' dir='ltr'>Ἡροδότῳ,</span> <span class='ocrx_word' id='word_1_109' title='bbox 558 1399 621 1477; x_wconf 91' lang='grc' dir='ltr'>[τῶν</span> <span class='ocrx_word' id='word_1_110' title='bbox 633 1395 856 1472; x_wconf 85' lang='grc' dir='ltr'>πλουσιωτάτων,]</span> <span class='ocrx_word' id='word_1_111' title='bbox 869 1397 943 1457; x_wconf 80' lang='grc' dir='ltr'>ίοτο-</span> <span class='ocrx_word' id='word_1_112' title='bbox 991 1398 1242 1466; x_wconf 81' lang='grc' dir='ltr'>Πελοποννησιακῶν</span> <span class='ocrx_word' id='word_1_113' title='bbox 1251 1416 1353 1470; x_wconf 89' lang='lat' dir='ltr'>parum</span> <span class='ocrx_word' id='word_1_114' title='bbox 1367 1396 1496 1452; x_wconf 88' lang='lat' dir='ltr'>distinete</span> <span class='ocrx_word' id='word_1_115' title='bbox 1506 1388 1617 1470; x_wconf 83' lang='lat' dir='ltr'>scriptis</span> <span class='ocrx_word' id='word_1_116' title='bbox 1625 1408 1691 1452; x_wconf 79' lang='lat' dir='ltr'>nata</span> <span class='ocrx_word' id='word_1_117' title='bbox 1702 1400 1770 1452; x_wconf 89' lang='lat' dir='ltr'>sint.</span> 
     </span>
     <span class='ocr_line' id='line_1_11' title="bbox 169 1481 1773 1570; baseline -0.004 -24"><span class='ocrx_word' id='word_1_118' title='bbox 169 1489 246 1570; x_wconf 86' lang='grc' dir='ltr'>ρικάς.</span> <span class='ocrx_word' id='word_1_119' title='bbox 262 1488 380 1568; x_wconf 83' lang='grc' dir='ltr'>Γέγραρε</span> <span class='ocrx_word' id='word_1_120' title='bbox 394 1486 459 1564; x_wconf 87' lang='grc' dir='ltr'>Περί</span> <span class='ocrx_word' id='word_1_121' title='bbox 476 1489 529 1542; x_wconf 89' lang='grc' dir='ltr'>τῶν</span> <span class='ocrx_word' id='word_1_122' title='bbox 540 1487 566 1542; x_wconf 82' lang='grc' dir='ltr'>έν</span> <span class='ocrx_word' id='word_1_123' title='bbox 580 1482 688 1542; x_wconf 80' lang='grc' dir='ltr'>Ἑλλάδι</span> <span class='ocrx_word' id='word_1_124' title='bbox 706 1483 859 1562; x_wconf 79' lang='grc' dir='ltr'>γενομένων,</span> <span class='ocrx_word' id='word_1_125' title='bbox 877 1481 943 1561; x_wconf 79' lang='grc' dir='ltr'>Περί</span> <span class='ocrx_word' id='word_1_126' title='bbox 989 1487 1128 1559; x_wconf 84' lang='lat' dir='ltr'>Cormpta</span> <span class='ocrx_word' id='word_1_127' title='bbox 1139 1503 1194 1540; x_wconf 84' lang='lat' dir='ltr'>esse</span> <span class='ocrx_word' id='word_1_128' title='bbox 1203 1495 1230 1540; x_wconf 94' lang='lat' dir='ltr'>et</span> <span class='ocrx_word' id='word_1_129' title='bbox 1240 1485 1304 1539; x_wconf 92' lang='lat' dir='ltr'>loco</span> <span class='ocrx_word' id='word_1_130' title='bbox 1315 1494 1392 1538; x_wconf 88' lang='lat' dir='ltr'>mota</span> <span class='ocrx_word' id='word_1_131' title='bbox 1401 1485 1484 1537; x_wconf 88' lang='lat' dir='ltr'>etiam</span> <span class='ocrx_word' id='word_1_132' title='bbox 1496 1484 1773 1557; x_wconf 78' lang='lat' dir='ltr'>Bernhardyuscen·</span> 
     </span>
     <span class='ocr_line' id='line_1_12' title="bbox 168 1566 1772 1653; baseline -0.009 -20"><span class='ocrx_word' id='word_1_133' title='bbox 168 1575 264 1653; x_wconf 89' lang='grc' dir='ltr'>γονέων</span> <span class='ocrx_word' id='word_1_134' title='bbox 285 1573 330 1633; x_wconf 87' lang='grc' dir='ltr'>καί</span> <span class='ocrx_word' id='word_1_135' title='bbox 345 1572 476 1652; x_wconf 83' lang='grc' dir='ltr'>προγόνων</span> <span class='ocrx_word' id='word_1_136' title='bbox 495 1573 546 1628; x_wconf 88' lang='grc' dir='ltr'>τῶν</span> <span class='ocrx_word' id='word_1_137' title='bbox 567 1573 602 1634; x_wconf 86' lang='grc' dir='ltr'>εἷς</span> <span class='ocrx_word' id='word_1_138' title='bbox 617 1568 698 1629; x_wconf 85' lang='grc' dir='ltr'>Ἴλιον</span> <span class='ocrx_word' id='word_1_139' title='bbox 713 1566 944 1648; x_wconf 78' lang='grc' dir='ltr'>στρατευσαμένων</span> <span class='ocrx_word' id='word_1_140' title='bbox 989 1584 1039 1629; x_wconf 77' lang='lat' dir='ltr'>set,</span> <span class='ocrx_word' id='word_1_141' title='bbox 1053 1598 1065 1622; x_wconf 75' lang='grc' dir='ltr'>ιι</span> <span class='ocrx_word' id='word_1_142' title='bbox 1078 1575 1139 1627; x_wconf 84' lang='lat' dir='ltr'>Jam</span> <span class='ocrx_word' id='word_1_143' title='bbox 1152 1574 1341 1640; x_wconf 64' lang='lat' dir='ltr'>inconditum,</span> <span class='ocrx_word' id='word_1_144' title='bbox 1356 1573 1410 1638; x_wconf 85' lang='lat' dir='ltr'>ait,</span> <span class='ocrx_word' id='word_1_145' title='bbox 1425 1571 1499 1624; x_wconf 88' lang='lat' dir='ltr'>liber</span> <span class='ocrx_word' id='word_1_146' title='bbox 1511 1567 1578 1646; x_wconf 80' lang='grc' dir='ltr'>Περὶ</span> <span class='ocrx_word' id='word_1_147' title='bbox 1590 1572 1642 1626; x_wconf 73' lang='grc' dir='ltr'>τῶν</span> <span class='ocrx_word' id='word_1_148' title='bbox 1653 1571 1680 1626; x_wconf 79' lang='grc' dir='ltr'>ἐν</span> <span class='ocrx_word' id='word_1_149' title='bbox 1693 1569 1772 1630; x_wconf 65' lang='lat' dir='ltr'>‘m</span> 
     </span>
     <span class='ocr_line' id='line_1_13' title="bbox 171 1654 1773 1740; baseline -0.002 -22"><span class='ocrx_word' id='word_1_150' title='bbox 171 1661 261 1740; x_wconf 74' lang='grc' dir='ltr'>βιὸλία</span> <span class='ocrx_word' id='word_1_151' title='bbox 272 1659 333 1734; x_wconf 82' lang='grc' dir='ltr'>δύο,</span> <span class='ocrx_word' id='word_1_152' title='bbox 348 1659 446 1718; x_wconf 84' lang='grc' dir='ltr'>Ἐθνῶν</span> <span class='ocrx_word' id='word_1_153' title='bbox 460 1657 605 1734; x_wconf 86' lang='grc' dir='ltr'>κατάλογον</span> <span class='ocrx_word' id='word_1_154' title='bbox 616 1656 662 1714; x_wconf 80' lang='grc' dir='ltr'>καὶ</span> <span class='ocrx_word' id='word_1_155' title='bbox 671 1655 781 1726; x_wconf 88' lang='grc' dir='ltr'>πολεων,</span> <span class='ocrx_word' id='word_1_156' title='bbox 793 1654 859 1732; x_wconf 79' lang='grc' dir='ltr'>Περὶ</span> <span class='ocrx_word' id='word_1_157' title='bbox 872 1677 945 1724; x_wconf 90' lang='grc' dir='ltr'>ποιη·</span> <span class='ocrx_word' id='word_1_158' title='bbox 989 1680 1042 1735; x_wconf 88' lang='grc' dir='ltr'>γεν.</span> <span class='ocrx_word' id='word_1_159' title='bbox 1056 1678 1144 1732; x_wconf 89' lang='lat' dir='ltr'>quum</span> <span class='ocrx_word' id='word_1_160' title='bbox 1153 1669 1348 1733; x_wconf 78' lang='lat' dir='ltr'><strong>argumentum</strong></span> <span class='ocrx_word' id='word_1_161' title='bbox 1360 1670 1408 1712; x_wconf 91' lang='lat' dir='ltr'>aut</span> <span class='ocrx_word' id='word_1_162' title='bbox 1421 1658 1574 1712; x_wconf 88' lang='lat' dir='ltr'>obscurum</span> <span class='ocrx_word' id='word_1_163' title='bbox 1584 1659 1713 1714; x_wconf 88' lang='lat' dir='ltr'>ostendat</span> <span class='ocrx_word' id='word_1_164' title='bbox 1722 1671 1773 1714; x_wconf 89' lang='lat' dir='ltr'>aut</span> 
     </span>
     <span class='ocr_line' id='line_1_14' title="bbox 168 1739 1773 1826; baseline -0.004 -19"><span class='ocrx_word' id='word_1_165' title='bbox 168 1751 220 1807; x_wconf 86' lang='grc' dir='ltr'>τῶν</span> <span class='ocrx_word' id='word_1_166' title='bbox 235 1747 280 1806; x_wconf 82' lang='grc' dir='ltr'>καί</span> <span class='ocrx_word' id='word_1_167' title='bbox 293 1749 431 1826; x_wconf 83' lang='grc' dir='ltr'>σοριστῶν,</span> <span class='ocrx_word' id='word_1_168' title='bbox 440 1744 485 1802; x_wconf 88' lang='grc' dir='ltr'>καί</span> <span class='ocrx_word' id='word_1_169' title='bbox 498 1743 565 1802; x_wconf 86' lang='grc' dir='ltr'>άλλα</span> <span class='ocrx_word' id='word_1_170' title='bbox 577 1741 668 1822; x_wconf 78' lang='grc' dir='ltr'>συχνά.</span> <span class='ocrx_word' id='word_1_171' title='bbox 681 1742 774 1820; x_wconf 83' lang='grc' dir='ltr'>Γέγονε</span> <span class='ocrx_word' id='word_1_172' title='bbox 785 1743 807 1800; x_wconf 87' lang='grc' dir='ltr'>δ’</span> <span class='ocrx_word' id='word_1_173' title='bbox 823 1739 945 1800; x_wconf 87' lang='grc' dir='ltr'>Ἑλλανί-</span> <span class='ocrx_word' id='word_1_174' title='bbox 990 1746 1173 1814; x_wconf 80' lang='lat' dir='ltr'>incredibile,</span> <span class='ocrx_word' id='word_1_175' title='bbox 1183 1748 1274 1818; x_wconf 90' lang='lat' dir='ltr'>placet</span> <span class='ocrx_word' id='word_1_176' title='bbox 1283 1746 1494 1818; x_wconf 79' lang='lat' dir='ltr'>inscriptionem</span> <span class='ocrx_word' id='word_1_177' title='bbox 1505 1745 1544 1798; x_wconf 90' lang='lat' dir='ltr'>sic</span> <span class='ocrx_word' id='word_1_178' title='bbox 1555 1747 1698 1814; x_wconf 84' lang='lat' dir='ltr'>resarciri,</span> <span class='ocrx_word' id='word_1_179' title='bbox 1709 1743 1773 1823; x_wconf 73' lang='grc' dir='ltr'>περ)</span> 
     </span>
     <span class='ocr_line' id='line_1_15' title="bbox 170 1826 1774 1910; baseline -0.004 -18"><span class='ocrx_word' id='word_1_180' title='bbox 170 1833 353 1910; x_wconf 73' lang='grc' dir='ltr'>κουμαθητθς.</span> <span class='ocrx_word' id='word_1_181' title='bbox 990 1834 1041 1888; x_wconf 87' lang='grc' dir='ltr'>τῶν</span> <span class='ocrx_word' id='word_1_182' title='bbox 1064 1833 1090 1887; x_wconf 78' lang='grc' dir='ltr'>έν</span> <span class='ocrx_word' id='word_1_183' title='bbox 1111 1829 1221 1890; x_wconf 79' lang='grc' dir='ltr'>Ἑλλάδι</span> <span class='ocrx_word' id='word_1_184' title='bbox 1239 1827 1383 1906; x_wconf 78' lang='grc' dir='ltr'>γενομένων</span> <span class='ocrx_word' id='word_1_185' title='bbox 1399 1826 1580 1906; x_wconf 83' lang='grc' dir='ltr'>ἀρχαιοτάτων</span> <span class='ocrx_word' id='word_1_186' title='bbox 1602 1828 1703 1904; x_wconf 86' lang='grc' dir='ltr'>[γενῶν</span> <span class='ocrx_word' id='word_1_187' title='bbox 1724 1833 1774 1887; x_wconf 80' lang='lat' dir='ltr'>vel</span> 
     </span>
    </p>

    <p class='ocr_par' dir='ltr' id='par_1_5' title="bbox 170 1916 1821 2256">
     <span class='ocr_line' id='line_1_16' title="bbox 210 1916 1774 1996; baseline -0.001 -21"><span class='ocrx_word' id='word_1_188' title='bbox 210 1919 430 1996; x_wconf 83' lang='grc' dir='ltr'>Πλουσιωτάτων]</span> <span class='ocrx_word' id='word_1_189' title='bbox 449 1922 512 1978; x_wconf 87' lang='lat' dir='ltr'>illss.</span> <span class='ocrx_word' id='word_1_190' title='bbox 536 1920 640 1988; x_wconf 80' lang='lat' dir='ltr'>Paris,</span> <span class='ocrx_word' id='word_1_191' title='bbox 655 1918 734 1975; x_wconf 85' lang='lat' dir='ltr'><strong>editt.</strong></span> <span class='ocrx_word' id='word_1_192' title='bbox 751 1917 902 1972; x_wconf 74' lang='lat' dir='ltr'>Mediolon.</span> <span class='ocrx_word' id='word_1_193' title='bbox 919 1927 947 1970; x_wconf 92' lang='lat' dir='ltr'>et</span> <span class='ocrx_word' id='word_1_194' title='bbox 992 1918 1092 1994; x_wconf 78' lang='grc' dir='ltr'>ἐθνῶν).</span> <span class='ocrx_word' id='word_1_195' title='bbox 1104 1919 1345 1992; x_wconf 77' lang='lat' dir='ltr'>Atquehaudscio</span> <span class='ocrx_word' id='word_1_196' title='bbox 1352 1937 1388 1972; x_wconf 89' lang='lat' dir='ltr'>an</span> <span class='ocrx_word' id='word_1_197' title='bbox 1395 1919 1467 1972; x_wconf 81' lang='lat' dir='ltr'>infra</span> <span class='ocrx_word' id='word_1_198' title='bbox 1474 1918 1563 1990; x_wconf 83' lang='lat' dir='ltr'>posita</span> <span class='ocrx_word' id='word_1_199' title='bbox 1571 1917 1649 1972; x_wconf 86' lang='grc' dir='ltr'>ἐθνῶν</span> <span class='ocrx_word' id='word_1_200' title='bbox 1659 1916 1774 1974; x_wconf 89' lang='grc' dir='ltr'>κατάλο-</span> 
     </span>
     <span class='ocr_line' id='line_1_17' title="bbox 170 2004 1821 2088; baseline -0.003 -23"><span class='ocrx_word' id='word_1_201' title='bbox 170 2015 289 2076; x_wconf 87' lang='lat' dir='ltr'>Veneta;</span> <span class='ocrx_word' id='word_1_202' title='bbox 311 2004 494 2064; x_wconf 84' lang='grc' dir='ltr'>παλαιοτάτων</span> <span class='ocrx_word' id='word_1_203' title='bbox 522 2006 601 2060; x_wconf 81' lang='lat' dir='ltr'>editt·</span> <span class='ocrx_word' id='word_1_204' title='bbox 623 2007 704 2062; x_wconf 84' lang='lat' dir='ltr'>Basil.</span> <span class='ocrx_word' id='word_1_205' title='bbox 728 2017 756 2060; x_wconf 84' lang='lat' dir='ltr'>et</span> <span class='ocrx_word' id='word_1_206' title='bbox 780 2005 884 2060; x_wconf 69' lang='lat' dir='ltr'>Gener.</span> <span class='ocrx_word' id='word_1_207' title='bbox 907 2033 947 2044; x_wconf 96' lang='lat'>-</span> <span class='ocrx_word' id='word_1_208' title='bbox 992 2028 1036 2081; x_wconf 90' lang='grc' dir='ltr'>γον</span> <span class='ocrx_word' id='word_1_209' title='bbox 1045 2006 1090 2062; x_wconf 80' lang='grc' dir='ltr'>καί</span> <span class='ocrx_word' id='word_1_210' title='bbox 1099 2004 1199 2062; x_wconf 84' lang='grc' dir='ltr'>πολεων</span> <span class='ocrx_word' id='word_1_211' title='bbox 1207 2009 1262 2061; x_wconf 90' lang='lat' dir='ltr'>huc</span> <span class='ocrx_word' id='word_1_212' title='bbox 1273 2005 1417 2062; x_wconf 77' lang='lat' dir='ltr'>referenda</span> <span class='ocrx_word' id='word_1_213' title='bbox 1428 2007 1492 2060; x_wconf 86' lang='lat' dir='ltr'>sint.</span> <span class='ocrx_word' id='word_1_214' title='bbox 1507 2029 1519 2053; x_wconf 76' lang='grc' dir='ltr'>ν</span> <span class='ocrx_word' id='word_1_215' title='bbox 1533 2006 1673 2074; x_wconf 83' lang='lat' dir='ltr'>ilaecille3</span> <span class='ocrx_word' id='word_1_216' title='bbox 1686 2017 1774 2079; x_wconf 89' lang='lat' dir='ltr'>atque</span> <span class='ocrx_word' id='word_1_217' title='bbox 1808 2063 1821 2088; x_wconf 33' lang='grc' dir='ltr'>γ</span> 
     </span>
     <span class='ocr_line' id='line_1_18' title="bbox 171 2088 1776 2174; baseline -0.001 -22"><span class='ocrx_word' id='word_1_218' title='bbox 171 2093 264 2174; x_wconf 78' lang='grc' dir='ltr'>σέγχρ.</span> <span class='ocrx_word' id='word_1_219' title='bbox 285 2091 358 2172; x_wconf 83' lang='grc' dir='ltr'>Ἦρ.’</span> <span class='ocrx_word' id='word_1_220' title='bbox 390 2089 578 2170; x_wconf 69' lang='grc' dir='ltr'>χρονογράφος,</span> <span class='ocrx_word' id='word_1_221' title='bbox 613 2089 726 2170; x_wconf 66' lang='grc' dir='ltr'>γέγραφε</span> <span class='ocrx_word' id='word_1_222' title='bbox 753 2089 813 2146; x_wconf 73' lang='grc' dir='ltr'>κτλ·</span> <span class='ocrx_word' id='word_1_223' title='bbox 836 2089 945 2144; x_wconf 78' lang='lat' dir='ltr'>Eudoc·</span> <span class='ocrx_word' id='word_1_224' title='bbox 993 2095 1122 2149; x_wconf 85' lang='lat' dir='ltr'>laborare</span> <span class='ocrx_word' id='word_1_225' title='bbox 1131 2096 1242 2149; x_wconf 91' lang='lat' dir='ltr'>titulum</span> <span class='ocrx_word' id='word_1_226' title='bbox 1252 2114 1282 2148; x_wconf 91' lang='grc' dir='ltr'>π.</span> <span class='ocrx_word' id='word_1_227' title='bbox 1292 2113 1316 2148; x_wconf 90' lang='grc' dir='ltr'>τ.</span> <span class='ocrx_word' id='word_1_228' title='bbox 1324 2091 1352 2147; x_wconf 80' lang='grc' dir='ltr'>ἐν</span> <span class='ocrx_word' id='word_1_229' title='bbox 1360 2088 1497 2165; x_wconf 83' lang='grc' dir='ltr'>Ἑλλγεν.</span> <span class='ocrx_word' id='word_1_230' title='bbox 1506 2093 1576 2154; x_wconf 86' lang='lat' dir='ltr'>mibi</span> <span class='ocrx_word' id='word_1_231' title='bbox 1586 2110 1776 2169; x_wconf 86' lang='lat' dir='ltr'>quoqueper·</span> 
     </span>
     <span class='ocr_line' id='line_1_19' title="bbox 171 2175 1774 2256; baseline 0.001 -19"><span class='ocrx_word' id='word_1_232' title='bbox 171 2203 202 2256; x_wconf 90' lang='lat' dir='ltr'>p.</span> <span class='ocrx_word' id='word_1_233' title='bbox 220 2201 284 2252; x_wconf 79' lang='lat'><strong>¹²7·</strong></span> <span class='ocrx_word' id='word_1_234' title='bbox 992 2200 1102 2238; x_wconf 89' lang='lat' dir='ltr'>suasum</span> <span class='ocrx_word' id='word_1_235' title='bbox 1111 2193 1165 2250; x_wconf 88' lang='lat' dir='ltr'>est,</span> <span class='ocrx_word' id='word_1_236' title='bbox 1177 2200 1266 2254; x_wconf 89' lang='lat' dir='ltr'>quum</span> <span class='ocrx_word' id='word_1_237' title='bbox 1272 2175 1429 2246; x_wconf 78' lang='grc' dir='ltr'>Ἑλληνικάς</span> <span class='ocrx_word' id='word_1_238' title='bbox 1438 2176 1553 2256; x_wconf 79' lang='grc' dir='ltr'>ἱστορίας</span> <span class='ocrx_word' id='word_1_239' title='bbox 1566 2181 1613 2234; x_wconf 85' lang='lat' dir='ltr'>vix</span> <span class='ocrx_word' id='word_1_240' title='bbox 1622 2182 1774 2256; x_wconf 87' lang='lat' dir='ltr'>quisquam</span> 
     </span>
    </p>

    <p class='ocr_par' dir='ltr' id='par_1_6' title="bbox 172 2258 1775 2773">
     <span class='ocr_line' id='line_1_20' title="bbox 212 2258 1774 2344; baseline -0.007 -15"><span class='ocrx_word' id='word_1_241' title='bbox 212 2269 292 2326; x_wconf 85' lang='lat' dir='ltr'>Idem</span> <span class='ocrx_word' id='word_1_242' title='bbox 310 2287 317 2322; x_wconf 77' lang='grc' dir='ltr'>ε</span> <span class='ocrx_word' id='word_1_243' title='bbox 335 2267 445 2341; x_wconf 77' lang='grc' dir='ltr'>Πῶλος,</span> <span class='ocrx_word' id='word_1_244' title='bbox 460 2263 669 2342; x_wconf 80' lang='grc' dir='ltr'>Ἀκραγαντῖνοι,</span> <span class='ocrx_word' id='word_1_245' title='bbox 689 2260 788 2342; x_wconf 73' lang='grc' dir='ltr'>ῥήτωρ,</span> <span class='ocrx_word' id='word_1_246' title='bbox 808 2258 947 2336; x_wconf 76' lang='grc' dir='ltr'>μᾶλλονδὲ</span> <span class='ocrx_word' id='word_1_247' title='bbox 994 2287 1028 2322; x_wconf 85' lang='lat' dir='ltr'>eo</span> <span class='ocrx_word' id='word_1_248' title='bbox 1042 2267 1129 2322; x_wconf 86' lang='lat' dir='ltr'>modo</span> <span class='ocrx_word' id='word_1_249' title='bbox 1149 2268 1322 2322; x_wconf 79' lang='lat' dir='ltr'>indicaverit.</span> <span class='ocrx_word' id='word_1_250' title='bbox 1334 2267 1440 2321; x_wconf 83' lang='lat' dir='ltr'>Detetis</span> <span class='ocrx_word' id='word_1_251' title='bbox 1452 2263 1595 2341; x_wconf 78' lang='grc' dir='ltr'>γενομένων</span> <span class='ocrx_word' id='word_1_252' title='bbox 1609 2267 1684 2344; x_wconf 76' lang='grc' dir='ltr'>περὶ,</span> <span class='ocrx_word' id='word_1_253' title='bbox 1705 2275 1774 2328; x_wconf 64' lang='lat' dir='ltr'>scri.</span> 
     </span>
     <span class='ocr_line' id='line_1_21' title="bbox 172 2345 1775 2433; baseline -0.004 -23"><span class='ocrx_word' id='word_1_254' title='bbox 172 2351 294 2433; x_wconf 67' lang='grc' dir='ltr'>σοφιστὴς</span> <span class='ocrx_word' id='word_1_255' title='bbox 309 2356 360 2410; x_wconf 89' lang='grc' dir='ltr'>τῶν</span> <span class='ocrx_word' id='word_1_256' title='bbox 381 2349 477 2422; x_wconf 91' lang='grc' dir='ltr'>πάλαι,</span> <span class='ocrx_word' id='word_1_257' title='bbox 497 2349 651 2414; x_wconf 82' lang='grc' dir='ltr'>διδάσκαλος</span> <span class='ocrx_word' id='word_1_258' title='bbox 670 2347 831 2424; x_wconf 81' lang='grc' dir='ltr'>Λικυμνίου,</span> <span class='ocrx_word' id='word_1_259' title='bbox 852 2345 949 2425; x_wconf 75' lang='grc' dir='ltr'>ἔγραψε</span> <span class='ocrx_word' id='word_1_260' title='bbox 993 2351 1161 2432; x_wconf 76' lang='lat' dir='ltr'>pserirnnepl</span> <span class='ocrx_word' id='word_1_261' title='bbox 1168 2355 1218 2409; x_wconf 87' lang='grc' dir='ltr'>τῶν</span> <span class='ocrx_word' id='word_1_262' title='bbox 1231 2354 1257 2408; x_wconf 76' lang='grc' dir='ltr'>ἐν</span> <span class='ocrx_word' id='word_1_263' title='bbox 1268 2350 1377 2410; x_wconf 83' lang='grc' dir='ltr'>Ἑλλάδι</span> <span class='ocrx_word' id='word_1_264' title='bbox 1386 2350 1481 2427; x_wconf 87' lang='grc' dir='ltr'>γονέων</span> <span class='ocrx_word' id='word_1_265' title='bbox 1488 2364 1556 2421; x_wconf 73' lang='lat' dir='ltr'>etc,</span> <span class='ocrx_word' id='word_1_266' title='bbox 1567 2355 1671 2427; x_wconf 88' lang='lat' dir='ltr'>quibus</span> <span class='ocrx_word' id='word_1_267' title='bbox 1682 2377 1775 2432; x_wconf 78' lang='lat' dir='ltr'>eppo.</span> 
     </span>
     <span class='ocr_line' id='line_1_22' title="bbox 173 2432 1775 2516; baseline -0.004 -17"><span class='ocrx_word' id='word_1_268' title='bbox 173 2438 344 2516; x_wconf 86' lang='grc' dir='ltr'>Γενεαλογίοιν</span> <span class='ocrx_word' id='word_1_269' title='bbox 357 2441 409 2495; x_wconf 86' lang='grc' dir='ltr'>τῶν</span> <span class='ocrx_word' id='word_1_270' title='bbox 423 2437 466 2495; x_wconf 76' lang='grc' dir='ltr'>ἐπὶ</span> <span class='ocrx_word' id='word_1_271' title='bbox 479 2432 559 2495; x_wconf 87' lang='grc' dir='ltr'>Ἴλιον</span> <span class='ocrx_word' id='word_1_272' title='bbox 581 2432 793 2515; x_wconf 74' lang='grc' dir='ltr'>στρατεμσάντων</span> <span class='ocrx_word' id='word_1_273' title='bbox 814 2432 949 2502; x_wconf 72' lang='grc' dir='ltr'>Ἑλλήνιον</span> <span class='ocrx_word' id='word_1_274' title='bbox 994 2441 1045 2494; x_wconf 79' lang='lat' dir='ltr'>sita</span> <span class='ocrx_word' id='word_1_275' title='bbox 1066 2451 1127 2494; x_wconf 78' lang='lat' dir='ltr'>erat</span> <span class='ocrx_word' id='word_1_276' title='bbox 1141 2441 1227 2495; x_wconf 82' lang='lat' dir='ltr'>altera</span> <span class='ocrx_word' id='word_1_277' title='bbox 1244 2440 1337 2512; x_wconf 89' lang='lat' dir='ltr'>operis</span> <span class='ocrx_word' id='word_1_278' title='bbox 1350 2457 1416 2510; x_wconf 83' lang='lat' dir='ltr'>pars</span> <span class='ocrx_word' id='word_1_279' title='bbox 1430 2437 1466 2493; x_wconf 92' lang='lat' dir='ltr'>de</span> <span class='ocrx_word' id='word_1_280' title='bbox 1478 2441 1627 2508; x_wconf 75' lang='lat' dir='ltr'>Barbarie,</span> <span class='ocrx_word' id='word_1_281' title='bbox 1644 2445 1775 2515; x_wconf 73' lang='lat' dir='ltr'>quiante</span> 
     </span>
     <span class='ocr_line' id='line_1_23' title="bbox 172 2516 1774 2606; baseline 0.002 -22"><span class='ocrx_word' id='word_1_282' title='bbox 172 2526 218 2584; x_wconf 82' lang='grc' dir='ltr'>καί</span> <span class='ocrx_word' id='word_1_283' title='bbox 237 2524 387 2606; x_wconf 80' lang='grc' dir='ltr'>βαρθάρων,</span> <span class='ocrx_word' id='word_1_284' title='bbox 408 2525 454 2582; x_wconf 85' lang='grc' dir='ltr'>καί</span> <span class='ocrx_word' id='word_1_285' title='bbox 471 2527 525 2589; x_wconf 90' lang='grc' dir='ltr'>πῶς</span> <span class='ocrx_word' id='word_1_286' title='bbox 549 2522 656 2588; x_wconf 81' lang='grc' dir='ltr'>ἕκαστος</span> <span class='ocrx_word' id='word_1_287' title='bbox 671 2516 817 2591; x_wconf 40' lang='lat' dir='ltr'>impuste-</span> <span class='ocrx_word' id='word_1_288' title='bbox 839 2519 904 2584; x_wconf 83' lang='grc' dir='ltr'>τινές</span> <span class='ocrx_word' id='word_1_289' title='bbox 923 2517 949 2576; x_wconf 77' lang='grc' dir='ltr'>δέ</span> <span class='ocrx_word' id='word_1_290' title='bbox 994 2525 1106 2597; x_wconf 85' lang='lat' dir='ltr'>Trojam</span> <span class='ocrx_word' id='word_1_291' title='bbox 1120 2528 1318 2600; x_wconf 85' lang='lat' dir='ltr'>pugnaverint.</span> <span class='ocrx_word' id='word_1_292' title='bbox 1334 2524 1424 2595; x_wconf 83' lang='lat' dir='ltr'>Hujus</span> <span class='ocrx_word' id='word_1_293' title='bbox 1438 2526 1512 2579; x_wconf 87' lang='lat' dir='ltr'>enim</span> <span class='ocrx_word' id='word_1_294' title='bbox 1522 2529 1698 2584; x_wconf 87' lang='lat' dir='ltr'>mentionem</span> <span class='ocrx_word' id='word_1_295' title='bbox 1710 2533 1774 2586; x_wconf 90' lang='lat' dir='ltr'>Sui·</span> 
     </span>
     <span class='ocr_line' id='line_1_24' title="bbox 174 2604 1773 2690; baseline -0.008 -20"><span class='ocrx_word' id='word_1_296' title='bbox 174 2613 237 2672; x_wconf 80' lang='grc' dir='ltr'>αὐτὸ</span> <span class='ocrx_word' id='word_1_297' title='bbox 260 2612 403 2687; x_wconf 88' lang='grc' dir='ltr'>Δαμάστου</span> <span class='ocrx_word' id='word_1_298' title='bbox 425 2609 604 2690; x_wconf 72' lang='grc' dir='ltr'>ἐπιγράφουσι.</span> <span class='ocrx_word' id='word_1_299' title='bbox 626 2611 701 2669; x_wconf 83' lang='grc' dir='ltr'>Νεῶν</span> <span class='ocrx_word' id='word_1_300' title='bbox 714 2605 867 2682; x_wconf 82' lang='grc' dir='ltr'>κατάλογον.</span> <span class='ocrx_word' id='word_1_301' title='bbox 886 2604 950 2684; x_wconf 83' lang='grc' dir='ltr'>Περί</span> <span class='ocrx_word' id='word_1_302' title='bbox 995 2614 1059 2681; x_wconf 73' lang='lat' dir='ltr'>das,</span> <span class='ocrx_word' id='word_1_303' title='bbox 1072 2632 1161 2686; x_wconf 79' lang='lat' dir='ltr'>quum</span> <span class='ocrx_word' id='word_1_304' title='bbox 1172 2631 1194 2668; x_wconf 77' lang='lat' dir='ltr'>s,</span> <span class='ocrx_word' id='word_1_305' title='bbox 1206 2632 1234 2669; x_wconf 78' lang='lat' dir='ltr'>v,</span> <span class='ocrx_word' id='word_1_306' title='bbox 1249 2609 1394 2685; x_wconf 71' lang='grc' dir='ltr'>Δαμάστης</span> <span class='ocrx_word' id='word_1_307' title='bbox 1407 2614 1548 2680; x_wconf 74' lang='lat' dir='ltr'>omiserit,</span> <span class='ocrx_word' id='word_1_308' title='bbox 1560 2631 1587 2670; x_wconf 75' lang='lat' dir='ltr'>v,</span> <span class='ocrx_word' id='word_1_309' title='bbox 1605 2615 1700 2680; x_wconf 67' lang='grc' dir='ltr'>Πῶλος</span> <span class='ocrx_word' id='word_1_310' title='bbox 1713 2637 1773 2672; x_wconf 63' lang='lat' dir='ltr'>me.</span> 
     </span>
     <span class='ocr_line' id='line_1_25' title="bbox 173 2698 1775 2773; baseline 0 -15"><span class='ocrx_word' id='word_1_311' title='bbox 173 2699 275 2768; x_wconf 81' lang='grc' dir='ltr'>λέξεως.</span> <span class='ocrx_word' id='word_1_312' title='bbox 293 2701 334 2756; x_wconf 89' lang='lat' dir='ltr'>Cf.</span> <span class='ocrx_word' id='word_1_313' title='bbox 347 2700 474 2755; x_wconf 87' lang='lat' dir='ltr'>Eudocia</span> <span class='ocrx_word' id='word_1_314' title='bbox 486 2718 517 2772; x_wconf 90' lang='lat' dir='ltr'>p.</span> <span class='ocrx_word' id='word_1_315' title='bbox 536 2698 604 2755; x_wconf 80' lang='lat'>355.</span> <span class='ocrx_word' id='word_1_316' title='bbox 995 2701 1105 2755; x_wconf 87' lang='lat' dir='ltr'>minisse</span> <span class='ocrx_word' id='word_1_317' title='bbox 1120 2719 1179 2753; x_wconf 87' lang='lat' dir='ltr'>non</span> <span class='ocrx_word' id='word_1_318' title='bbox 1192 2700 1325 2773; x_wconf 78' lang='lat' dir='ltr'>neglexit.</span> <span class='ocrx_word' id='word_1_319' title='bbox 1338 2729 1376 2740; x_wconf 89' lang='lat'>-</span> <span class='ocrx_word' id='word_1_320' title='bbox 1386 2699 1463 2772; x_wconf 85' lang='lat' dir='ltr'>Opus</span> <span class='ocrx_word' id='word_1_321' title='bbox 1471 2701 1606 2772; x_wconf 86' lang='lat' dir='ltr'>quoniam</span> <span class='ocrx_word' id='word_1_322' title='bbox 1617 2701 1731 2758; x_wconf 89' lang='lat' dir='ltr'>duobus</span> <span class='ocrx_word' id='word_1_323' title='bbox 1742 2705 1775 2758; x_wconf 93' lang='lat' dir='ltr'>li·</span> 
     </span>
    </p>

    <p class='ocr_par' dir='ltr' id='par_1_7' title="bbox 174 2777 1779 3468">
     <span class='ocr_line' id='line_1_26' title="bbox 214 2777 1776 2860; baseline 0.003 -18"><span class='ocrx_word' id='word_1_324' title='bbox 214 2786 416 2860; x_wconf 73' lang='lat' dir='ltr'>Agathemerus</span> <span class='ocrx_word' id='word_1_325' title='bbox 430 2782 460 2853; x_wconf 93' lang='lat' dir='ltr'>l,</span> <span class='ocrx_word' id='word_1_326' title='bbox 488 2802 500 2839; x_wconf 88' lang='lat'>1</span> <span class='ocrx_word' id='word_1_327' title='bbox 523 2802 530 2838; x_wconf 91' lang='lat'><strong>:</strong></span> <span class='ocrx_word' id='word_1_328' title='bbox 556 2778 751 2858; x_wconf 72' lang='grc' dir='ltr'>Ἀναξίμανδρος</span> <span class='ocrx_word' id='word_1_329' title='bbox 774 2782 788 2835; x_wconf 85' lang='grc' dir='ltr'>θ</span> <span class='ocrx_word' id='word_1_330' title='bbox 808 2777 950 2848; x_wconf 76' lang='grc' dir='ltr'>Μιλήσιος,</span> <span class='ocrx_word' id='word_1_331' title='bbox 996 2787 1055 2840; x_wconf 87' lang='lat' dir='ltr'>bris</span> <span class='ocrx_word' id='word_1_332' title='bbox 1066 2785 1224 2840; x_wconf 89' lang='lat' dir='ltr'>ahsolutum</span> <span class='ocrx_word' id='word_1_333' title='bbox 1238 2793 1292 2853; x_wconf 88' lang='lat' dir='ltr'>est,</span> <span class='ocrx_word' id='word_1_334' title='bbox 1305 2787 1446 2838; x_wconf 82' lang='lat' dir='ltr'>Damastes</span> <span class='ocrx_word' id='word_1_335' title='bbox 1458 2786 1583 2842; x_wconf 84' lang='lat' dir='ltr'>breviter</span> <span class='ocrx_word' id='word_1_336' title='bbox 1591 2805 1652 2841; x_wconf 88' lang='lat' dir='ltr'>rem</span> <span class='ocrx_word' id='word_1_337' title='bbox 1663 2797 1776 2846; x_wconf 65' lang='lat' dir='ltr'>tractas</span> 
     </span>
     <span class='ocr_line' id='line_1_27' title="bbox 175 2851 1776 2946; baseline -0.001 -12"><span class='ocrx_word' id='word_1_338' title='bbox 175 2869 301 2940; x_wconf 60' lang='lat' dir='ltr'>&amp;taverle</span> <span class='ocrx_word' id='word_1_339' title='bbox 312 2869 427 2942; x_wconf 62' lang='grc' dir='ltr'>θάλεον,</span> <span class='ocrx_word' id='word_1_340' title='bbox 441 2871 542 2946; x_wconf 83' lang='grc' dir='ltr'>πρῶτος</span> <span class='ocrx_word' id='word_1_341' title='bbox 559 2867 686 2941; x_wconf 79' lang='grc' dir='ltr'>ἔτολμηοε</span> <span class='ocrx_word' id='word_1_342' title='bbox 701 2851 749 2935; x_wconf 70' lang='lat' dir='ltr'>riv</span> <span class='ocrx_word' id='word_1_343' title='bbox 760 2865 911 2941; x_wconf 80' lang='grc' dir='ltr'>οἰκουμένην</span> <span class='ocrx_word' id='word_1_344' title='bbox 924 2867 951 2921; x_wconf 78' lang='grc' dir='ltr'>ἐν</span> <span class='ocrx_word' id='word_1_345' title='bbox 996 2890 1024 2926; x_wconf 89' lang='lat' dir='ltr'>se</span> <span class='ocrx_word' id='word_1_346' title='bbox 1040 2890 1072 2925; x_wconf 85' lang='lat' dir='ltr'>ac</span> <span class='ocrx_word' id='word_1_347' title='bbox 1086 2869 1133 2925; x_wconf 87' lang='lat' dir='ltr'>fila</span> <span class='ocrx_word' id='word_1_348' title='bbox 1157 2871 1335 2944; x_wconf 82' lang='lat' dir='ltr'>genealogica</span> <span class='ocrx_word' id='word_1_349' title='bbox 1353 2872 1471 2926; x_wconf 80' lang='lat' dir='ltr'>texuisse</span> <span class='ocrx_word' id='word_1_350' title='bbox 1484 2873 1616 2928; x_wconf 85' lang='lat' dir='ltr'>babuerit</span> <span class='ocrx_word' id='word_1_351' title='bbox 1632 2877 1709 2930; x_wconf 86' lang='lat' dir='ltr'>satis.</span> <span class='ocrx_word' id='word_1_352' title='bbox 1731 2880 1776 2932; x_wconf 92' lang='lat' dir='ltr'>De</span> 
     </span>
     <span class='ocr_line' id='line_1_28' title="bbox 174 2949 1777 3036; baseline 0.003 -23"><span class='ocrx_word' id='word_1_353' title='bbox 174 2956 265 3015; x_wconf 80' lang='grc' dir='ltr'>πίνακι</span> <span class='ocrx_word' id='word_1_354' title='bbox 278 2954 386 3035; x_wconf 74' lang='grc' dir='ltr'>γράψαι.</span> <span class='ocrx_word' id='word_1_355' title='bbox 410 2954 475 3013; x_wconf 83' lang='grc' dir='ltr'>Μεθ’</span> <span class='ocrx_word' id='word_1_356' title='bbox 494 2953 521 3011; x_wconf 87' lang='grc' dir='ltr'>δν</span> <span class='ocrx_word' id='word_1_357' title='bbox 537 2952 677 3018; x_wconf 82' lang='grc' dir='ltr'>Ἑκαταῖος</span> <span class='ocrx_word' id='word_1_358' title='bbox 697 2955 711 3008; x_wconf 85' lang='grc' dir='ltr'>θ</span> <span class='ocrx_word' id='word_1_359' title='bbox 732 2951 872 3024; x_wconf 82' lang='grc' dir='ltr'>Μιλήσιος,</span> <span class='ocrx_word' id='word_1_360' title='bbox 888 2949 951 3030; x_wconf 73' lang='grc' dir='ltr'>ἀνὴρ</span> <span class='ocrx_word' id='word_1_361' title='bbox 997 2958 1097 3012; x_wconf 89' lang='lat' dir='ltr'>eodem</span> <span class='ocrx_word' id='word_1_362' title='bbox 1115 2959 1178 3011; x_wconf 90' lang='lat' dir='ltr'>loco</span> <span class='ocrx_word' id='word_1_363' title='bbox 1196 2967 1293 3030; x_wconf 89' lang='lat' dir='ltr'>postea</span> <span class='ocrx_word' id='word_1_364' title='bbox 1311 2957 1510 3030; x_wconf 89' lang='lat' dir='ltr'>amplissimum</span> <span class='ocrx_word' id='word_1_365' title='bbox 1530 2979 1601 3032; x_wconf 90' lang='lat' dir='ltr'>opus</span> <span class='ocrx_word' id='word_1_366' title='bbox 1615 2967 1777 3036; x_wconf 81' lang='lat' dir='ltr'><strong>composuit</strong></span> 
     </span>
     <span class='ocr_line' id='line_1_29' title="bbox 178 3039 1776 3121; baseline 0.002 -19"><span class='ocrx_word' id='word_1_367' title='bbox 178 3041 344 3112; x_wconf 87' lang='grc' dir='ltr'>πολυπλάνης</span> <span class='ocrx_word' id='word_1_368' title='bbox 353 3040 524 3118; x_wconf 74' lang='grc' dir='ltr'>διηκρίάωσεν</span> <span class='ocrx_word' id='word_1_369' title='bbox 532 3039 599 3098; x_wconf 81' lang='grc' dir='ltr'>ὥστε</span> <span class='ocrx_word' id='word_1_370' title='bbox 607 3039 823 3114; x_wconf 74' lang='grc' dir='ltr'>θαυμασθῆναιτδ</span> <span class='ocrx_word' id='word_1_371' title='bbox 832 3049 950 3118; x_wconf 82' lang='grc' dir='ltr'>πρᾶγμα.</span> <span class='ocrx_word' id='word_1_372' title='bbox 996 3046 1155 3100; x_wconf 89' lang='lat' dir='ltr'>Demetrius</span> <span class='ocrx_word' id='word_1_373' title='bbox 1167 3045 1308 3116; x_wconf 82' lang='lat' dir='ltr'>Scepsius,</span> <span class='ocrx_word' id='word_1_374' title='bbox 1323 3062 1409 3115; x_wconf 89' lang='lat' dir='ltr'>quem</span> <span class='ocrx_word' id='word_1_375' title='bbox 1422 3055 1532 3100; x_wconf 88' lang='lat' dir='ltr'>secutus</span> <span class='ocrx_word' id='word_1_376' title='bbox 1549 3056 1590 3101; x_wconf 91' lang='lat' dir='ltr'>est</span> <span class='ocrx_word' id='word_1_377' title='bbox 1611 3050 1776 3121; x_wconf 77' lang='lat' dir='ltr'>Apollodo-</span> 
     </span>
     <span class='ocr_line' id='line_1_30' title="bbox 177 3125 1776 3206; baseline 0.003 -19"><span class='ocrx_word' id='word_1_378' title='bbox 177 3125 329 3195; x_wconf 84' lang='grc' dir='ltr'>Ἑλλάνικος</span> <span class='ocrx_word' id='word_1_379' title='bbox 342 3126 391 3206; x_wconf 87' lang='grc' dir='ltr'>γθιρ</span> <span class='ocrx_word' id='word_1_380' title='bbox 406 3126 541 3192; x_wconf 67' lang='lat' dir='ltr'>tilieto&lt;</span> <span class='ocrx_word' id='word_1_381' title='bbox 556 3125 622 3205; x_wconf 77' lang='grc' dir='ltr'>ἀνὴρ</span> <span class='ocrx_word' id='word_1_382' title='bbox 635 3125 798 3204; x_wconf 82' lang='grc' dir='ltr'>πολυίστωρ,</span> <span class='ocrx_word' id='word_1_383' title='bbox 814 3126 953 3193; x_wconf 82' lang='grc' dir='ltr'>ἀπλάστως</span> <span class='ocrx_word' id='word_1_384' title='bbox 997 3150 1045 3186; x_wconf 90' lang='lat' dir='ltr'>rus</span> <span class='ocrx_word' id='word_1_385' title='bbox 1064 3132 1246 3187; x_wconf 82' lang='lat' dir='ltr'>Atheniensis.</span> <span class='ocrx_word' id='word_1_386' title='bbox 1263 3131 1393 3185; x_wconf 83' lang='lat' dir='ltr'>Ceterum</span> <span class='ocrx_word' id='word_1_387' title='bbox 1418 3133 1467 3204; x_wconf 91' lang='lat' dir='ltr'>qui</span> <span class='ocrx_word' id='word_1_388' title='bbox 1484 3132 1588 3187; x_wconf 85' lang='lat' dir='ltr'>sactum</span> <span class='ocrx_word' id='word_1_389' title='bbox 1611 3136 1646 3189; x_wconf 91' lang='lat' dir='ltr'>sit</span> <span class='ocrx_word' id='word_1_390' title='bbox 1663 3145 1695 3189; x_wconf 90' lang='lat' dir='ltr'>ut</span> <span class='ocrx_word' id='word_1_391' title='bbox 1714 3140 1776 3192; x_wconf 85' lang='lat' dir='ltr'>Da-</span> 
     </span>
     <span class='ocr_line' id='line_1_31' title="bbox 175 3205 1776 3294; baseline 0.005 -24"><span class='ocrx_word' id='word_1_392' title='bbox 175 3211 310 3292; x_wconf 83' lang='grc' dir='ltr'>παρέδωκε</span> <span class='ocrx_word' id='word_1_393' title='bbox 321 3213 368 3284; x_wconf 76' lang='grc' dir='ltr'>τὴν</span> <span class='ocrx_word' id='word_1_394' title='bbox 377 3212 503 3292; x_wconf 75' lang='grc' dir='ltr'>ἱστορίαν.</span> <span class='ocrx_word' id='word_1_395' title='bbox 512 3205 578 3273; x_wconf 79' lang='grc' dir='ltr'>Εἶτα</span> <span class='ocrx_word' id='word_1_396' title='bbox 586 3211 878 3288; x_wconf 84' lang='grc' dir='ltr'>ΔαμάστηςθΚιττιεὺς</span> <span class='ocrx_word' id='word_1_397' title='bbox 889 3214 951 3288; x_wconf 87' lang='lat' dir='ltr'>(scr.</span> <span class='ocrx_word' id='word_1_398' title='bbox 998 3219 1090 3272; x_wconf 79' lang='lat' dir='ltr'>mostis</span> <span class='ocrx_word' id='word_1_399' title='bbox 1108 3217 1180 3291; x_wconf 84' lang='lat' dir='ltr'>liber</span> <span class='ocrx_word' id='word_1_400' title='bbox 1194 3218 1229 3272; x_wconf 90' lang='lat' dir='ltr'>ab</span> <span class='ocrx_word' id='word_1_401' title='bbox 1243 3218 1302 3272; x_wconf 86' lang='lat' dir='ltr'>aliis</span> <span class='ocrx_word' id='word_1_402' title='bbox 1315 3218 1401 3285; x_wconf 84' lang='lat' dir='ltr'>Polo,</span> <span class='ocrx_word' id='word_1_403' title='bbox 1417 3219 1527 3292; x_wconf 73' lang='lat' dir='ltr'>Gorgiae</span> <span class='ocrx_word' id='word_1_404' title='bbox 1552 3219 1706 3294; x_wconf 86' lang='lat' dir='ltr'>discipulo,</span> <span class='ocrx_word' id='word_1_405' title='bbox 1721 3225 1776 3278; x_wconf 88' lang='lat' dir='ltr'>ad-</span> 
     </span>
     <span class='ocr_line' id='line_1_32' title="bbox 175 3298 1778 3380; baseline 0.006 -24"><span class='ocrx_word' id='word_1_406' title='bbox 175 3303 189 3356; x_wconf 86' lang='grc' dir='ltr'>θ</span> <span class='ocrx_word' id='word_1_407' title='bbox 203 3298 335 3376; x_wconf 73' lang='grc' dir='ltr'>Σιγειεὺς)</span> <span class='ocrx_word' id='word_1_408' title='bbox 350 3298 384 3357; x_wconf 85' lang='grc' dir='ltr'>τθι</span> <span class='ocrx_word' id='word_1_409' title='bbox 398 3301 508 3358; x_wconf 81' lang='grc' dir='ltr'>πλεῖστα</span> <span class='ocrx_word' id='word_1_410' title='bbox 524 3303 553 3358; x_wconf 80' lang='grc' dir='ltr'>ἐκ</span> <span class='ocrx_word' id='word_1_411' title='bbox 567 3306 611 3358; x_wconf 81' lang='grc' dir='ltr'>τοῦ</span> <span class='ocrx_word' id='word_1_412' title='bbox 626 3299 767 3359; x_wconf 89' lang='grc' dir='ltr'>Ἑκαταίου</span> <span class='ocrx_word' id='word_1_413' title='bbox 783 3299 953 3380; x_wconf 80' lang='grc' dir='ltr'>μεταγράψας</span> <span class='ocrx_word' id='word_1_414' title='bbox 998 3306 1177 3378; x_wconf 83' lang='lat' dir='ltr'>scriberetur,</span> <span class='ocrx_word' id='word_1_415' title='bbox 1185 3303 1261 3358; x_wconf 92' lang='lat' dir='ltr'>haud</span> <span class='ocrx_word' id='word_1_416' title='bbox 1267 3305 1366 3376; x_wconf 88' lang='lat' dir='ltr'>liquet.</span> <span class='ocrx_word' id='word_1_417' title='bbox 1378 3307 1583 3377; x_wconf 78' lang='lat' dir='ltr'>Argumentum</span> <span class='ocrx_word' id='word_1_418' title='bbox 1594 3308 1653 3378; x_wconf 86' lang='lat' dir='ltr'>ejus</span> <span class='ocrx_word' id='word_1_419' title='bbox 1664 3328 1778 3365; x_wconf 86' lang='lat' dir='ltr'>accom-</span> 
     </span>
     <span class='ocr_line' id='line_1_33' title="bbox 176 3387 1779 3468; baseline 0.005 -23"><span class='ocrx_word' id='word_1_420' title='bbox 176 3388 362 3466; x_wconf 89' lang='grc' dir='ltr'>Περίπλουν</span> <span class='ocrx_word' id='word_1_421' title='bbox 376 3387 483 3468; x_wconf 79' lang='grc' dir='ltr'>ἔγραψε.</span> <span class='ocrx_word' id='word_1_422' title='bbox 998 3391 1144 3445; x_wconf 89' lang='lat' dir='ltr'>modatum</span> <span class='ocrx_word' id='word_1_423' title='bbox 1153 3409 1218 3445; x_wconf 88' lang='lat' dir='ltr'>saue</span> <span class='ocrx_word' id='word_1_424' title='bbox 1229 3401 1302 3458; x_wconf 88' lang='lat' dir='ltr'>erat,</span> <span class='ocrx_word' id='word_1_425' title='bbox 1312 3409 1371 3462; x_wconf 93' lang='lat' dir='ltr'>quo</span> <span class='ocrx_word' id='word_1_426' title='bbox 1380 3392 1528 3446; x_wconf 87' lang='lat' dir='ltr'>tractando</span> <span class='ocrx_word' id='word_1_427' title='bbox 1538 3394 1779 3453; x_wconf 86' lang='lat' dir='ltr'>eruditionemso·</span> 
     </span>
    </p>

    <p class='ocr_par' dir='ltr' id='par_1_8' title="bbox 216 3475 1271 3553">
     <span class='ocr_line' id='line_1_34' title="bbox 216 3475 1271 3553; baseline -0.001 -23"><span class='ocrx_word' id='word_1_428' title='bbox 216 3477 387 3550; x_wconf 79' lang='lat' dir='ltr'>Porphyrius</span> <span class='ocrx_word' id='word_1_429' title='bbox 400 3478 450 3533; x_wconf 88' lang='lat' dir='ltr'>lib.</span> <span class='ocrx_word' id='word_1_430' title='bbox 465 3475 588 3534; x_wconf 83' lang='grc' dir='ltr'>ΙΦιλολ.</span> <span class='ocrx_word' id='word_1_431' title='bbox 604 3477 714 3553; x_wconf 79' lang='grc' dir='ltr'>α’κροασ.</span> <span class='ocrx_word' id='word_1_432' title='bbox 729 3495 775 3550; x_wconf 88' lang='lat' dir='ltr'>ap.</span> <span class='ocrx_word' id='word_1_433' title='bbox 794 3477 893 3533; x_wconf 77' lang='lat' dir='ltr'>Euseb.</span> <span class='ocrx_word' id='word_1_434' title='bbox 907 3480 951 3533; x_wconf 89' lang='lat' dir='ltr'>Pr.</span> <span class='ocrx_word' id='word_1_435' title='bbox 998 3479 1090 3550; x_wconf 81' lang='lat' dir='ltr'>pliista</span> <span class='ocrx_word' id='word_1_436' title='bbox 1103 3477 1271 3531; x_wconf 86' lang='lat' dir='ltr'>ostenderet.</span> 
     </span>
    </p>

    <p class='ocr_par' dir='ltr' id='par_1_9' title="bbox 175 3559 1779 3729">
     <span class='ocr_line' id='line_1_35' title="bbox 175 3559 1779 3645; baseline 0.004 -27"><span class='ocrx_word' id='word_1_437' title='bbox 175 3565 208 3621; x_wconf 89' lang='lat' dir='ltr'>E.</span> <span class='ocrx_word' id='word_1_438' title='bbox 223 3581 252 3635; x_wconf 92' lang='lat' dir='ltr'>p.</span> <span class='ocrx_word' id='word_1_439' title='bbox 267 3563 343 3628; x_wconf 75' lang='lat'>466:</span> <span class='ocrx_word' id='word_1_440' title='bbox 359 3560 402 3620; x_wconf 85' lang='grc' dir='ltr'>Τθ</span> <span class='ocrx_word' id='word_1_441' title='bbox 418 3559 564 3640; x_wconf 77' lang='grc' dir='ltr'>βαρόαρικθ</span> <span class='ocrx_word' id='word_1_442' title='bbox 578 3561 677 3638; x_wconf 87' lang='grc' dir='ltr'>νόμιμα</span> <span class='ocrx_word' id='word_1_443' title='bbox 691 3560 847 3622; x_wconf 83' lang='grc' dir='ltr'>Ἑλλανίκου</span> <span class='ocrx_word' id='word_1_444' title='bbox 860 3563 889 3618; x_wconf 87' lang='grc' dir='ltr'>έκ</span> <span class='ocrx_word' id='word_1_445' title='bbox 902 3565 953 3620; x_wconf 92' lang='grc' dir='ltr'>τῶν</span> <span class='ocrx_word' id='word_1_446' title='bbox 1038 3565 1170 3636; x_wconf 87' lang='lat' dir='ltr'>Sequitur</span> <span class='ocrx_word' id='word_1_447' title='bbox 1184 3581 1228 3634; x_wconf 87' lang='lat' dir='ltr'>ap.</span> <span class='ocrx_word' id='word_1_448' title='bbox 1250 3561 1328 3618; x_wconf 91' lang='lat' dir='ltr'>Suid.</span> <span class='ocrx_word' id='word_1_449' title='bbox 1347 3580 1375 3614; x_wconf 87' lang='grc' dir='ltr'>ν.</span> <span class='ocrx_word' id='word_1_450' title='bbox 1395 3562 1505 3636; x_wconf 86' lang='grc' dir='ltr'>Πῶλος,</span> <span class='ocrx_word' id='word_1_451' title='bbox 1520 3564 1594 3621; x_wconf 85' lang='grc' dir='ltr'>Νεῶν</span> <span class='ocrx_word' id='word_1_452' title='bbox 1616 3566 1779 3645; x_wconf 87' lang='grc' dir='ltr'>κατάλογος,</span> 
     </span>
     <span class='ocr_line' id='line_1_36' title="bbox 176 3645 1779 3729; baseline 0.003 -23"><span class='ocrx_word' id='word_1_453' title='bbox 176 3645 317 3727; x_wconf 82' lang='grc' dir='ltr'>Ἡροδότου</span> <span class='ocrx_word' id='word_1_454' title='bbox 325 3648 370 3706; x_wconf 86' lang='grc' dir='ltr'>καί</span> <span class='ocrx_word' id='word_1_455' title='bbox 381 3647 523 3723; x_wconf 86' lang='grc' dir='ltr'>Δαμάοτου</span> <span class='ocrx_word' id='word_1_456' title='bbox 536 3648 627 3729; x_wconf 86' lang='lat' dir='ltr'>(vulg.</span> <span class='ocrx_word' id='word_1_457' title='bbox 639 3647 799 3724; x_wconf 87' lang='grc' dir='ltr'>Δαμάσου);</span> <span class='ocrx_word' id='word_1_458' title='bbox 818 3652 953 3718; x_wconf 78' lang='grc' dir='ltr'>συνῆκται.</span> <span class='ocrx_word' id='word_1_459' title='bbox 1001 3652 1049 3723; x_wconf 91' lang='lat' dir='ltr'>qui</span> <span class='ocrx_word' id='word_1_460' title='bbox 1069 3669 1135 3705; x_wconf 89' lang='lat' dir='ltr'>cum</span> <span class='ocrx_word' id='word_1_461' title='bbox 1150 3648 1330 3704; x_wconf 74' lang='lat' dir='ltr'>antecedente</span> <span class='ocrx_word' id='word_1_462' title='bbox 1344 3667 1431 3721; x_wconf 89' lang='lat' dir='ltr'>opere</span> <span class='ocrx_word' id='word_1_463' title='bbox 1445 3669 1505 3704; x_wconf 91' lang='lat' dir='ltr'>uon</span> <span class='ocrx_word' id='word_1_464' title='bbox 1521 3654 1615 3724; x_wconf 89' lang='lat' dir='ltr'>potuit</span> <span class='ocrx_word' id='word_1_465' title='bbox 1627 3673 1688 3709; x_wconf 87' lang='lat' dir='ltr'>non</span> <span class='ocrx_word' id='word_1_466' title='bbox 1706 3675 1779 3711; x_wconf 87' lang='lat' dir='ltr'>con-</span> 
     </span>
    </p>

    <p class='ocr_par' dir='ltr' id='par_1_10' title="bbox 176 3731 1780 4072">
     <span class='ocr_line' id='line_1_37' title="bbox 216 3731 1780 3818; baseline 0.003 -27"><span class='ocrx_word' id='word_1_467' title='bbox 216 3737 338 3791; x_wconf 79' lang='lat' dir='ltr'>Avienus</span> <span class='ocrx_word' id='word_1_468' title='bbox 349 3738 412 3793; x_wconf 84' lang='lat' dir='ltr'>Orae</span> <span class='ocrx_word' id='word_1_469' title='bbox 420 3755 490 3793; x_wconf 85' lang='lat' dir='ltr'>mar.</span> <span class='ocrx_word' id='word_1_470' title='bbox 502 3743 538 3802; x_wconf 76' lang='grc' dir='ltr'>4ο</span> <span class='ocrx_word' id='word_1_471' title='bbox 548 3749 656 3792; x_wconf 79' lang='lat' dir='ltr'>veteres</span> <span class='ocrx_word' id='word_1_472' title='bbox 667 3737 843 3812; x_wconf 83' lang='lat' dir='ltr'>geographos</span> <span class='ocrx_word' id='word_1_473' title='bbox 854 3755 954 3792; x_wconf 89' lang='lat' dir='ltr'>reeen—</span> <span class='ocrx_word' id='word_1_474' title='bbox 998 3736 1110 3807; x_wconf 88' lang='lat' dir='ltr'>junctus</span> <span class='ocrx_word' id='word_1_475' title='bbox 1119 3754 1190 3802; x_wconf 90' lang='lat' dir='ltr'>esse;</span> <span class='ocrx_word' id='word_1_476' title='bbox 1199 3752 1225 3791; x_wconf 85' lang='grc' dir='ltr'>ν.</span> <span class='ocrx_word' id='word_1_477' title='bbox 1239 3731 1382 3808; x_wconf 80' lang='grc' dir='ltr'>Δαμάστης</span> <span class='ocrx_word' id='word_1_478' title='bbox 1392 3738 1519 3807; x_wconf 89' lang='lat' dir='ltr'>sequitur</span> <span class='ocrx_word' id='word_1_479' title='bbox 1528 3735 1625 3794; x_wconf 85' lang='grc' dir='ltr'>Ἐθνῶν</span> <span class='ocrx_word' id='word_1_480' title='bbox 1633 3738 1780 3818; x_wconf 85' lang='grc' dir='ltr'>κατάλογος</span> 
     </span>
     <span class='ocr_line' id='line_1_38' title="bbox 176 3818 1779 3899; baseline 0.003 -23"><span class='ocrx_word' id='word_1_481' title='bbox 176 3839 237 3876; x_wconf 89' lang='lat' dir='ltr'>sens</span> <span class='ocrx_word' id='word_1_482' title='bbox 258 3832 322 3894; x_wconf 93' lang='lat' dir='ltr'>post</span> <span class='ocrx_word' id='word_1_483' title='bbox 346 3824 517 3891; x_wconf 82' lang='lat' dir='ltr'>Hecataeum,</span> <span class='ocrx_word' id='word_1_484' title='bbox 547 3824 735 3895; x_wconf 67' lang='lat' dir='ltr'>acuminum,</span> <span class='ocrx_word' id='word_1_485' title='bbox 771 3823 896 3878; x_wconf 87' lang='lat' dir='ltr'>Phileam</span> <span class='ocrx_word' id='word_1_486' title='bbox 928 3835 956 3879; x_wconf 91' lang='lat' dir='ltr'>et</span> <span class='ocrx_word' id='word_1_487' title='bbox 1000 3822 1045 3878; x_wconf 85' lang='grc' dir='ltr'>καλ</span> <span class='ocrx_word' id='word_1_488' title='bbox 1056 3818 1334 3894; x_wconf 74' lang='grc' dir='ltr'>πολεωνεοιιεμίοεείο</span> <span class='ocrx_word' id='word_1_489' title='bbox 1344 3821 1408 3876; x_wconf 87' lang='grc' dir='ltr'>νεῶν</span> <span class='ocrx_word' id='word_1_490' title='bbox 1419 3819 1572 3898; x_wconf 85' lang='grc' dir='ltr'>κατάλογος·</span> <span class='ocrx_word' id='word_1_491' title='bbox 1584 3823 1779 3899; x_wconf 82' lang='grc' dir='ltr'>περίπλους;ειε</span> 
     </span>
     <span class='ocr_line' id='line_1_39' title="bbox 176 3906 1779 3984; baseline 0.006 -24"><span class='ocrx_word' id='word_1_492' title='bbox 176 3908 304 3980; x_wconf 89' lang='lat' dir='ltr'>ignotum</span> <span class='ocrx_word' id='word_1_493' title='bbox 334 3908 448 3964; x_wconf 89' lang='lat' dir='ltr'>aliunde</span> <span class='ocrx_word' id='word_1_494' title='bbox 479 3911 691 3965; x_wconf 88' lang='lat' dir='ltr'>Pausimachum</span> <span class='ocrx_word' id='word_1_495' title='bbox 718 3910 843 3966; x_wconf 88' lang='lat' dir='ltr'>Samium</span> <span class='ocrx_word' id='word_1_496' title='bbox 873 3913 956 3984; x_wconf 92' lang='lat' dir='ltr'>ponit</span> <span class='ocrx_word' id='word_1_497' title='bbox 1001 3907 1141 3962; x_wconf 88' lang='lat' dir='ltr'>domanda</span> <span class='ocrx_word' id='word_1_498' title='bbox 1153 3906 1329 3976; x_wconf 87' lang='lat' dir='ltr'>conjectandi</span> <span class='ocrx_word' id='word_1_499' title='bbox 1342 3909 1554 3981; x_wconf 79' lang='lat' dir='ltr'>prurigoznam</span> <span class='ocrx_word' id='word_1_500' title='bbox 1567 3913 1779 3970; x_wconf 79' lang='lat' dir='ltr'>rectelraecsese</span> 
     </span>
     <span class='ocr_line' id='line_1_40' title="bbox 179 3992 1780 4072; baseline 0.005 -24"><span class='ocrx_word' id='word_1_501' title='bbox 179 3995 337 4049; x_wconf 83' lang='lat' dir='ltr'>Damastem</span> <span class='ocrx_word' id='word_1_502' title='bbox 349 3996 435 4049; x_wconf 85' lang='lat' dir='ltr'>nobili</span> <span class='ocrx_word' id='word_1_503' title='bbox 445 4008 540 4050; x_wconf 82' lang='lat' dir='ltr'>natum</span> <span class='ocrx_word' id='word_1_504' title='bbox 549 3997 626 4070; x_wconf 83' lang='lat' dir='ltr'>Sige.</span> <span class='ocrx_word' id='word_1_505' title='bbox 1000 3994 1103 4049; x_wconf 86' lang='lat' dir='ltr'>habere</span> <span class='ocrx_word' id='word_1_506' title='bbox 1113 3994 1254 4060; x_wconf 86' lang='lat' dir='ltr'>videntur,</span> <span class='ocrx_word' id='word_1_507' title='bbox 1262 4012 1349 4065; x_wconf 91' lang='lat' dir='ltr'>quum</span> <span class='ocrx_word' id='word_1_508' title='bbox 1358 3997 1499 4049; x_wconf 90' lang='lat' dir='ltr'>Damastes</span> <span class='ocrx_word' id='word_1_509' title='bbox 1509 3992 1575 4072; x_wconf 80' lang='grc' dir='ltr'>Περὶ</span> <span class='ocrx_word' id='word_1_510' title='bbox 1586 3996 1664 4053; x_wconf 78' lang='grc' dir='ltr'>ἐθνῶν</span> <span class='ocrx_word' id='word_1_511' title='bbox 1674 4002 1780 4056; x_wconf 83' lang='lat' dir='ltr'>citetur</span> 
     </span>
    </p>

    <p class='ocr_par' dir='ltr' id='par_1_11' title="bbox 178 4079 1780 4681">
     <span class='ocr_line' id='line_1_41' title="bbox 218 4079 1780 4157; baseline 0.004 -21"><span class='ocrx_word' id='word_1_512' title='bbox 218 4079 359 4136; x_wconf 86' lang='lat' dir='ltr'>Damastes</span> <span class='ocrx_word' id='word_1_513' title='bbox 366 4079 396 4156; x_wconf 67' lang='grc' dir='ltr'>(Ἴ</span> <span class='ocrx_word' id='word_1_514' title='bbox 408 4083 543 4155; x_wconf 87' lang='lat' dir='ltr'>Sigecnsis</span> <span class='ocrx_word' id='word_1_515' title='bbox 553 4084 692 4139; x_wconf 85' lang='lat' dir='ltr'>Herodoti</span> <span class='ocrx_word' id='word_1_516' title='bbox 703 4087 815 4157; x_wconf 81' lang='lat' dir='ltr'>aequalis</span> <span class='ocrx_word' id='word_1_517' title='bbox 827 4084 907 4140; x_wconf 80' lang='lat' dir='ltr'>iiiissc</span> <span class='ocrx_word' id='word_1_518' title='bbox 917 4085 956 4139; x_wconf 92' lang='lat' dir='ltr'>di·</span> <span class='ocrx_word' id='word_1_519' title='bbox 1001 4081 1142 4153; x_wconf 86' lang='lat' dir='ltr'>Stephano</span> <span class='ocrx_word' id='word_1_520' title='bbox 1159 4083 1222 4153; x_wconf 70' lang='lat' dir='ltr'>Bya.</span> <span class='ocrx_word' id='word_1_521' title='bbox 1239 4079 1288 4152; x_wconf 82' lang='lat' dir='ltr'>(st.</span> <span class='ocrx_word' id='word_1_522' title='bbox 1307 4079 1348 4155; x_wconf 89' lang='grc' dir='ltr'>ι.)</span> <span class='ocrx_word' id='word_1_523' title='bbox 1364 4081 1408 4135; x_wconf 79' lang='lat' dir='ltr'>Ab</span> <span class='ocrx_word' id='word_1_524' title='bbox 1426 4081 1481 4135; x_wconf 88' lang='lat' dir='ltr'>hoc</span> <span class='ocrx_word' id='word_1_525' title='bbox 1495 4083 1569 4137; x_wconf 88' lang='lat' dir='ltr'>libro</span> <span class='ocrx_word' id='word_1_526' title='bbox 1582 4103 1641 4138; x_wconf 85' lang='lat' dir='ltr'>non</span> <span class='ocrx_word' id='word_1_527' title='bbox 1652 4086 1780 4142; x_wconf 80' lang='lat' dir='ltr'>diversus</span> 
     </span>
     <span class='ocr_line' id='line_1_42' title="bbox 179 4167 1778 4246; baseline 0.003 -26"><span class='ocrx_word' id='word_1_528' title='bbox 179 4167 266 4239; x_wconf 82' lang='lat' dir='ltr'>eitur3</span> <span class='ocrx_word' id='word_1_529' title='bbox 282 4167 414 4238; x_wconf 87' lang='lat' dir='ltr'>equidem</span> <span class='ocrx_word' id='word_1_530' title='bbox 428 4186 577 4242; x_wconf 87' lang='lat' dir='ltr'>supparem</span> <span class='ocrx_word' id='word_1_531' title='bbox 595 4172 690 4242; x_wconf 92' lang='lat' dir='ltr'>potius</span> <span class='ocrx_word' id='word_1_532' title='bbox 710 4171 845 4238; x_wconf 77' lang='lat' dir='ltr'>dixerim,</span> <span class='ocrx_word' id='word_1_533' title='bbox 864 4190 955 4243; x_wconf 86' lang='lat' dir='ltr'>quan-</span> <span class='ocrx_word' id='word_1_534' title='bbox 1001 4170 1051 4240; x_wconf 91' lang='lat' dir='ltr'>qui</span> <span class='ocrx_word' id='word_1_535' title='bbox 1067 4168 1102 4222; x_wconf 93' lang='lat' dir='ltr'>ab</span> <span class='ocrx_word' id='word_1_536' title='bbox 1121 4169 1307 4242; x_wconf 82' lang='lat' dir='ltr'>Agatbemero</span> <span class='ocrx_word' id='word_1_537' title='bbox 1325 4179 1497 4224; x_wconf 86' lang='lat' dir='ltr'>memoratur</span> <span class='ocrx_word' id='word_1_538' title='bbox 1510 4168 1665 4246; x_wconf 89' lang='grc' dir='ltr'>Περίπλους.</span> <span class='ocrx_word' id='word_1_539' title='bbox 1677 4203 1719 4214; x_wconf 85' lang='lat'><em>-</em></span> <span class='ocrx_word' id='word_1_540' title='bbox 1733 4177 1778 4230; x_wconf 79' lang='lat' dir='ltr'>Ad</span> 
     </span>
     <span class='ocr_line' id='line_1_43' title="bbox 179 4251 1779 4332; baseline 0.007 -29"><span class='ocrx_word' id='word_1_541' title='bbox 179 4251 334 4323; x_wconf 82' lang='lat' dir='ltr'>doquidem</span> <span class='ocrx_word' id='word_1_542' title='bbox 346 4251 513 4326; x_wconf 88' lang='lat' dir='ltr'>discipulum</span> <span class='ocrx_word' id='word_1_543' title='bbox 525 4273 582 4309; x_wconf 87' lang='lat' dir='ltr'>esse</span> <span class='ocrx_word' id='word_1_544' title='bbox 593 4257 693 4311; x_wconf 81' lang='lat' dir='ltr'>volunt</span> <span class='ocrx_word' id='word_1_545' title='bbox 702 4258 854 4325; x_wconf 86' lang='lat' dir='ltr'>Hellanici‚</span> <span class='ocrx_word' id='word_1_546' title='bbox 871 4259 956 4311; x_wconf 80' lang='lat' dir='ltr'>vicini</span> <span class='ocrx_word' id='word_1_547' title='bbox 1001 4255 1105 4308; x_wconf 85' lang='lat' dir='ltr'>librum</span> <span class='ocrx_word' id='word_1_548' title='bbox 1115 4252 1181 4331; x_wconf 85' lang='grc' dir='ltr'>Περὶ</span> <span class='ocrx_word' id='word_1_549' title='bbox 1192 4255 1306 4322; x_wconf 88' lang='grc' dir='ltr'>ποιητῶν</span> <span class='ocrx_word' id='word_1_550' title='bbox 1316 4251 1361 4308; x_wconf 84' lang='grc' dir='ltr'>καὶ</span> <span class='ocrx_word' id='word_1_551' title='bbox 1370 4256 1497 4332; x_wconf 78' lang='grc' dir='ltr'>σοφιστῶν</span> <span class='ocrx_word' id='word_1_552' title='bbox 1506 4259 1590 4311; x_wconf 88' lang='lat' dir='ltr'>retuli</span> <span class='ocrx_word' id='word_1_553' title='bbox 1602 4258 1702 4332; x_wconf 73' lang='lat' dir='ltr'>fragm.</span> <span class='ocrx_word' id='word_1_554' title='bbox 1713 4258 1731 4313; x_wconf 88' lang='lat'>8</span> <span class='ocrx_word' id='word_1_555' title='bbox 1742 4261 1779 4315; x_wconf 87' lang='lat' dir='ltr'>de</span> 
     </span>
     <span class='ocr_line' id='line_1_44' title="bbox 178 4333 1779 4417; baseline 0.006 -25"><span class='ocrx_word' id='word_1_556' title='bbox 178 4333 364 4393; x_wconf 76' lang='lat' dir='ltr'>Le&#39;sbii.Nibil</span> <span class='ocrx_word' id='word_1_557' title='bbox 374 4349 467 4394; x_wconf 88' lang='lat' dir='ltr'>tamen</span> <span class='ocrx_word' id='word_1_558' title='bbox 474 4357 572 4414; x_wconf 89' lang='lat' dir='ltr'>premo</span> <span class='ocrx_word' id='word_1_559' title='bbox 583 4340 668 4394; x_wconf 81' lang='lat' dir='ltr'>verba</span> <span class='ocrx_word' id='word_1_560' title='bbox 677 4343 860 4414; x_wconf 85' lang='lat' dir='ltr'>grammatici,</span> <span class='ocrx_word' id='word_1_561' title='bbox 869 4361 956 4414; x_wconf 86' lang='lat' dir='ltr'>quum</span> <span class='ocrx_word' id='word_1_562' title='bbox 1001 4340 1154 4412; x_wconf 84' lang='lat' dir='ltr'>majoribus</span> <span class='ocrx_word' id='word_1_563' title='bbox 1167 4343 1293 4398; x_wconf 87' lang='lat' dir='ltr'>Homeri.</span> <span class='ocrx_word' id='word_1_564' title='bbox 1307 4343 1384 4395; x_wconf 87' lang='lat' dir='ltr'>Inter</span> <span class='ocrx_word' id='word_1_565' title='bbox 1398 4360 1445 4410; x_wconf 87' lang='lat' dir='ltr'>ca,</span> <span class='ocrx_word' id='word_1_566' title='bbox 1462 4361 1524 4414; x_wconf 83' lang='lat' dir='ltr'>quae</span> <span class='ocrx_word' id='word_1_567' title='bbox 1538 4345 1671 4417; x_wconf 83' lang='lat' dir='ltr'>deinceps</span> <span class='ocrx_word' id='word_1_568' title='bbox 1684 4364 1701 4400; x_wconf 89' lang='lat' dir='ltr'>a</span> <span class='ocrx_word' id='word_1_569' title='bbox 1715 4347 1779 4401; x_wconf 87' lang='lat' dir='ltr'>Sui·</span> 
     </span>
     <span class='ocr_line' id='line_1_45' title="bbox 178 4422 1779 4510; baseline 0.007 -33"><span class='ocrx_word' id='word_1_570' title='bbox 178 4422 250 4477; x_wconf 83' lang='lat' dir='ltr'>sama</span> <span class='ocrx_word' id='word_1_571' title='bbox 265 4425 315 4478; x_wconf 85' lang='lat' dir='ltr'>ista</span> <span class='ocrx_word' id='word_1_572' title='bbox 332 4424 399 4479; x_wconf 89' lang='lat' dir='ltr'>inde</span> <span class='ocrx_word' id='word_1_573' title='bbox 413 4435 474 4480; x_wconf 82' lang='lat' dir='ltr'>orta</span> <span class='ocrx_word' id='word_1_574' title='bbox 493 4445 550 4482; x_wconf 89' lang='lat' dir='ltr'>esse</span> <span class='ocrx_word' id='word_1_575' title='bbox 563 4427 665 4499; x_wconf 89' lang='lat' dir='ltr'>possit,</span> <span class='ocrx_word' id='word_1_576' title='bbox 681 4427 759 4499; x_wconf 89' lang='lat' dir='ltr'>quod</span> <span class='ocrx_word' id='word_1_577' title='bbox 774 4429 803 4480; x_wconf 87' lang='lat' dir='ltr'>in</span> <span class='ocrx_word' id='word_1_578' title='bbox 823 4428 956 4502; x_wconf 87' lang='lat' dir='ltr'>operibus</span> <span class='ocrx_word' id='word_1_579' title='bbox 1002 4427 1037 4482; x_wconf 86' lang='lat' dir='ltr'>da</span> <span class='ocrx_word' id='word_1_580' title='bbox 1050 4438 1195 4501; x_wconf 87' lang='lat' dir='ltr'>ponuntur</span> <span class='ocrx_word' id='word_1_581' title='bbox 1213 4425 1281 4483; x_wconf 76' lang='grc' dir='ltr'>ἄλλα</span> <span class='ocrx_word' id='word_1_582' title='bbox 1294 4426 1391 4504; x_wconf 82' lang='grc' dir='ltr'>συχνά,</span> <span class='ocrx_word' id='word_1_583' title='bbox 1406 4428 1509 4485; x_wconf 87' lang='lat' dir='ltr'>fuerint</span> <span class='ocrx_word' id='word_1_584' title='bbox 1529 4432 1594 4486; x_wconf 87' lang='lat' dir='ltr'>libri</span> <span class='ocrx_word' id='word_1_585' title='bbox 1613 4428 1681 4508; x_wconf 79' lang='grc' dir='ltr'>Περ)</span> <span class='ocrx_word' id='word_1_586' title='bbox 1699 4435 1779 4510; x_wconf 78' lang='grc' dir='ltr'>εὑρη-</span> 
     </span>
     <span class='ocr_line' id='line_1_46' title="bbox 178 4511 1779 4593; baseline 0.007 -29"><span class='ocrx_word' id='word_1_587' title='bbox 178 4511 233 4564; x_wconf 86' lang='lat' dir='ltr'>suis</span> <span class='ocrx_word' id='word_1_588' title='bbox 252 4513 395 4566; x_wconf 85' lang='lat' dir='ltr'>Damastes</span> <span class='ocrx_word' id='word_1_589' title='bbox 417 4514 555 4569; x_wconf 85' lang='lat' dir='ltr'>Hellanici</span> <span class='ocrx_word' id='word_1_590' title='bbox 575 4515 695 4568; x_wconf 87' lang='lat' dir='ltr'>maxime</span> <span class='ocrx_word' id='word_1_591' title='bbox 716 4515 828 4588; x_wconf 85' lang='lat' dir='ltr'>vestigia</span> <span class='ocrx_word' id='word_1_592' title='bbox 847 4516 955 4588; x_wconf 86' lang='lat' dir='ltr'>legerit.</span> <span class='ocrx_word' id='word_1_593' title='bbox 1002 4513 1092 4588; x_wconf 89' lang='grc' dir='ltr'>μάτων</span> <span class='ocrx_word' id='word_1_594' title='bbox 1107 4513 1156 4593; x_wconf 81' lang='lat' dir='ltr'>(ir.</span> <span class='ocrx_word' id='word_1_595' title='bbox 1172 4516 1207 4590; x_wconf 85' lang='grc'>9)</span> <span class='ocrx_word' id='word_1_596' title='bbox 1222 4526 1249 4570; x_wconf 92' lang='lat' dir='ltr'>et</span> <span class='ocrx_word' id='word_1_597' title='bbox 1262 4516 1462 4590; x_wconf 86' lang='lat' dir='ltr'>chronologica</span> <span class='ocrx_word' id='word_1_598' title='bbox 1474 4519 1617 4590; x_wconf 85' lang='lat' dir='ltr'>quaedam,</span> <span class='ocrx_word' id='word_1_599' title='bbox 1627 4521 1650 4574; x_wconf 89' lang='lat' dir='ltr'>si</span> <span class='ocrx_word' id='word_1_600' title='bbox 1662 4521 1779 4593; x_wconf 88' lang='lat' dir='ltr'>quidem</span> 
     </span>
     <span class='ocr_line' id='line_1_47' title="bbox 178 4596 1777 4681; baseline 0.008 -29"><span class='ocrx_word' id='word_1_601' title='bbox 178 4596 269 4668; x_wconf 89' lang='lat' dir='ltr'>ldque</span> <span class='ocrx_word' id='word_1_602' title='bbox 282 4599 440 4672; x_wconf 75' lang='lat' dir='ltr'>fragmentis</span> <span class='ocrx_word' id='word_1_603' title='bbox 455 4599 659 4672; x_wconf 88' lang='lat' dir='ltr'>comprobatur</span> <span class='ocrx_word' id='word_1_604' title='bbox 669 4598 720 4675; x_wconf 73' lang='lat' dir='ltr'>(fr.</span> <span class='ocrx_word' id='word_1_605' title='bbox 739 4620 763 4658; x_wconf 87' lang='grc' dir='ltr'>ι.</span> <span class='ocrx_word' id='word_1_606' title='bbox 778 4599 803 4658; x_wconf 83' lang='lat'>5.</span> <span class='ocrx_word' id='word_1_607' title='bbox 815 4599 860 4673; x_wconf 89' lang='grc'>6).</span> <span class='ocrx_word' id='word_1_608' title='bbox 1001 4616 1077 4658; x_wconf 87' lang='lat' dir='ltr'>recte</span> <span class='ocrx_word' id='word_1_609' title='bbox 1090 4605 1231 4658; x_wconf 89' lang='lat' dir='ltr'>Damastes</span> <span class='ocrx_word' id='word_1_610' title='bbox 1244 4604 1278 4658; x_wconf 91' lang='lat' dir='ltr'>ab</span> <span class='ocrx_word' id='word_1_611' title='bbox 1293 4603 1418 4659; x_wconf 84' lang='lat' dir='ltr'>Eudocia</span> <span class='ocrx_word' id='word_1_612' title='bbox 1431 4602 1584 4680; x_wconf 86' lang='grc' dir='ltr'>χρονολόγος</span> <span class='ocrx_word' id='word_1_613' title='bbox 1605 4609 1777 4681; x_wconf 83' lang='lat' dir='ltr'>appellatur.</span> 
     </span>
    </p>

    <p class='ocr_par' dir='ltr' id='par_1_12' title="bbox 1002 4690 1779 4768">
     <span class='ocr_line' id='line_1_48' title="bbox 1002 4690 1779 4768; baseline 0.008 -23"><span class='ocrx_word' id='word_1_614' title='bbox 1002 4693 1199 4763; x_wconf 66' lang='lat' dir='ltr'>fragmentum</span> <span class='ocrx_word' id='word_1_615' title='bbox 1212 4690 1346 4745; x_wconf 83' lang='lat' dir='ltr'>habemus</span> <span class='ocrx_word' id='word_1_616' title='bbox 1357 4690 1393 4746; x_wconf 91' lang='lat' dir='ltr'>de</span> <span class='ocrx_word' id='word_1_617' title='bbox 1404 4691 1450 4746; x_wconf 90' lang='lat' dir='ltr'>die</span> <span class='ocrx_word' id='word_1_618' title='bbox 1462 4710 1520 4765; x_wconf 90' lang='lat' dir='ltr'>quo</span> <span class='ocrx_word' id='word_1_619' title='bbox 1529 4693 1613 4764; x_wconf 87' lang='lat' dir='ltr'>Troja</span> <span class='ocrx_word' id='word_1_620' title='bbox 1619 4706 1779 4768; x_wconf 81' lang='lat' dir='ltr'>expugnata</span> 
     </span>
    </p>
   </div>
   <div class='ocr_carea' id='block_1_4' title="bbox 212 4777 1780 4898">
    <p class='ocr_par' dir='ltr' id='par_1_13' title="bbox 212 4777 1780 4898">
     <span class='ocr_line' id='line_1_49' title="bbox 212 4777 1780 4892; baseline -0.02 -36"><span class='ocrx_word' id='word_1_621' title='bbox 212 4830 243 4892; x_wconf 74' lang='grc' dir='ltr'>(ι,</span> <span class='ocrx_word' id='word_1_622' title='bbox 260 4832 468 4882; x_wconf 47' lang='lat' dir='ltr'><strong>Mammam</strong></span> <span class='ocrx_word' id='word_1_623' title='bbox 488 4836 590 4883; x_wconf 63' lang='lat' dir='ltr'>„mm</span> <span class='ocrx_word' id='word_1_624' title='bbox 618 4834 691 4886; x_wconf 55' lang='lat' dir='ltr'><strong>fratre</strong></span> <span class='ocrx_word' id='word_1_625' title='bbox 706 4837 835 4886; x_wconf 54' lang='lat' dir='ltr'>Democriti</span> <span class='ocrx_word' id='word_1_626' title='bbox 869 4840 944 4887; x_wconf 57' lang='lat' dir='ltr'>Dama</span> <span class='ocrx_word' id='word_1_627' title='bbox 1002 4778 1045 4832; x_wconf 89' lang='lat' dir='ltr'>sit.</span> <span class='ocrx_word' id='word_1_628' title='bbox 1057 4779 1183 4832; x_wconf 85' lang='lat' dir='ltr'>Fortasse</span> <span class='ocrx_word' id='word_1_629' title='bbox 1194 4779 1278 4832; x_wconf 87' lang='lat' dir='ltr'>etiam</span> <span class='ocrx_word' id='word_1_630' title='bbox 1291 4778 1320 4831; x_wconf 92' lang='lat' dir='ltr'>in</span> <span class='ocrx_word' id='word_1_631' title='bbox 1333 4777 1407 4834; x_wconf 87' lang='lat' dir='ltr'>libro</span> <span class='ocrx_word' id='word_1_632' title='bbox 1420 4781 1463 4835; x_wconf 89' lang='lat' dir='ltr'>De</span> <span class='ocrx_word' id='word_1_633' title='bbox 1476 4780 1780 4853; x_wconf 61' lang='lat' dir='ltr'>poetisadchronolo.</span> 
     </span>
     <span class='ocr_line' id='line_1_50' title="bbox 598 4863 957 4898; baseline -0.031 -12"><span class='ocrx_word' id='word_1_634' title='bbox 598 4870 605 4895; x_wconf 88' lang='lat'>‚</span> <span class='ocrx_word' id='word_1_635' title='bbox 842 4875 849 4898; x_wconf 78' lang='lat'>‚</span> <span class='ocrx_word' id='word_1_636' title='bbox 946 4863 957 4875; x_wconf 93' lang='lat'>.</span> 
     </span>
    </p>
   </div>
   <div class='ocr_carea' id='block_1_5' title="bbox 179 4866 1779 5042">
    <p class='ocr_par' dir='ltr' id='par_1_14' title="bbox 179 4866 1779 5042">
     <span class='ocr_line' id='line_1_51' title="bbox 179 4866 1779 4970; baseline 0.009 -23"><span class='ocrx_word' id='word_1_637' title='bbox 179 4899 452 4962; x_wconf 78' lang='lat' dir='ltr'>sippisrlio,r.tlullacli.</span> <span class='ocrx_word' id='word_1_638' title='bbox 465 4906 558 4965; x_wconf 74' lang='lat' dir='ltr'>Fragm.</span> <span class='ocrx_word' id='word_1_639' title='bbox 569 4907 698 4955; x_wconf 87' lang='lat' dir='ltr'>Democrit.</span> <span class='ocrx_word' id='word_1_640' title='bbox 710 4921 733 4970; x_wconf 89' lang='grc' dir='ltr'>ρ.</span> <span class='ocrx_word' id='word_1_641' title='bbox 742 4914 771 4956; x_wconf 80' lang='lat' dir='ltr'>ts</span> <span class='ocrx_word' id='word_1_642' title='bbox 779 4921 831 4970; x_wconf 87' lang='lat' dir='ltr'>sqq.</span> <span class='ocrx_word' id='word_1_643' title='bbox 841 4908 957 4957; x_wconf 78' lang='lat' dir='ltr'>-Alium</span> <span class='ocrx_word' id='word_1_644' title='bbox 1002 4866 1096 4938; x_wconf 54' lang='lat' dir='ltr'>glemu</span> <span class='ocrx_word' id='word_1_645' title='bbox 1109 4867 1229 4920; x_wconf 58' lang='lat' dir='ltr'>maxime</span> <span class='ocrx_word' id='word_1_646' title='bbox 1240 4883 1335 4964; x_wconf 38' lang='lat' dir='ltr'>mlum</span> <span class='ocrx_word' id='word_1_647' title='bbox 1349 4866 1479 4964; x_wconf 56' lang='lat' dir='ltr'>‘’fdinem</span> <span class='ocrx_word' id='word_1_648' title='bbox 1495 4867 1665 4966; x_wconf 36' lang='lat' dir='ltr'>(semiim</span> <span class='ocrx_word' id='word_1_649' title='bbox 1677 4872 1779 4924; x_wconf 55' lang='lat' dir='ltr'>seriem</span> 
     </span>
     <span class='ocr_line' id='line_1_52' title="bbox 181 4949 1779 5042; baseline 0.008 -45"><span class='ocrx_word' id='word_1_650' title='bbox 181 4971 320 5020; x_wconf 55' lang='lat' dir='ltr'>mmmm</span> <span class='ocrx_word' id='word_1_651' title='bbox 334 4970 441 5020; x_wconf 47' lang='lat' dir='ltr'>haggi„</span> <span class='ocrx_word' id='word_1_652' title='bbox 455 4973 583 5023; x_wconf 57' lang='lat' dir='ltr'>ppumho</span> <span class='ocrx_word' id='word_1_653' title='bbox 596 4976 677 5036; x_wconf 36' lang='lat' dir='ltr'>(Tha,</span> <span class='ocrx_word' id='word_1_654' title='bbox 688 4989 712 5026; x_wconf 45' lang='lat'>0·</span> <span class='ocrx_word' id='word_1_655' title='bbox 724 4983 747 5026; x_wconf 65' lang='grc' dir='ltr'>γ,</span> <span class='ocrx_word' id='word_1_656' title='bbox 759 4978 776 5040; x_wconf 43' lang='grc' dir='ltr'>,Ι</span> <span class='ocrx_word' id='word_1_657' title='bbox 788 5003 818 5014; x_wconf 68' lang='grc'>,,</span> <span class='ocrx_word' id='word_1_658' title='bbox 834 4982 958 5042; x_wconf 55' lang='lat' dir='ltr'>„amm</span> <span class='ocrx_word' id='word_1_659' title='bbox 1003 4949 1452 5026; x_wconf 70' lang='lat' dir='ltr'>sacerdotumJunomsilrgrvail</span> <span class='ocrx_word' id='word_1_660' title='bbox 1466 4956 1779 5010; x_wconf 81' lang='lat' dir='ltr'>recteconstttuenrlurc</span> 
     </span>
    </p>
   </div>
   <div class='ocr_carea' id='block_1_6' title="bbox 181 5011 1273 5104">
    <p class='ocr_par' dir='ltr' id='par_1_15' title="bbox 181 5011 1273 5104">
     <span class='ocr_line' id='line_1_53' title="bbox 181 5011 1273 5104; baseline 0.005 -16"><span class='ocrx_word' id='word_1_661' title='bbox 181 5039 261 5089; x_wconf 87' lang='lat' dir='ltr'>varios</span> <span class='ocrx_word' id='word_1_662' title='bbox 277 5054 301 5090; x_wconf 84' lang='grc' dir='ltr'>ν.</span> <span class='ocrx_word' id='word_1_663' title='bbox 320 5041 343 5090; x_wconf 86' lang='lat' dir='ltr'>in</span> <span class='ocrx_word' id='word_1_664' title='bbox 360 5041 442 5104; x_wconf 79' lang='lat' dir='ltr'>steph.</span> <span class='ocrx_word' id='word_1_665' title='bbox 458 5043 528 5092; x_wconf 85' lang='lat' dir='ltr'>Thes.</span> <span class='ocrx_word' id='word_1_666' title='bbox 547 5056 567 5092; x_wconf 87' lang='grc' dir='ltr'>ε.</span> <span class='ocrx_word' id='word_1_667' title='bbox 584 5057 608 5092; x_wconf 83' lang='grc' dir='ltr'>ν,</span> <span class='ocrx_word' id='word_1_668' title='bbox 978 5011 984 5098; x_wconf 87' lang='lat' dir='ltr'>l</span> <span class='ocrx_word' id='word_1_669' title='bbox 1003 5047 1101 5090; x_wconf 86' lang='lat' dir='ltr'>auctor</span> <span class='ocrx_word' id='word_1_670' title='bbox 1112 5036 1273 5095; x_wconf 81' lang='lat' dir='ltr'>attenderat.</span> 
     </span>
    </p>
   </div>
   <div class='ocr_carea' id='block_1_7' title="bbox 0 0 1935 5767">
    <p class='ocr_par' dir='ltr' id='par_1_16' title="bbox 0 0 1935 5767">
     <span class='ocr_line' id='line_1_54' title="bbox 0 0 1935 5767; baseline 0 0"><span class='ocrx_word' id='word_1_671' title='bbox 0 0 1935 5767; x_wconf 95' lang='lat' dir='ltr'> </span> 
     </span>
    </p>
   </div>
  </div>
 </body>
</html>
