3834 5767
673 338 928 404 NATURALIUII
949 331 1198 396 FRAGMENTA.

140 480 319 538 Clitarchum.
329 476 399 530 Vide
406 472 622 546 disputationem
629 468 782 525 Casauboni
789 465 825 521 ad
833 465 914 520 Athe·

140 585 230 621 naeum
240 567 261 622 l.
274 565 295 617 l.

179 652 280 708 Pollux
291 651 337 716 11,
356 647 410 712 146
424 664 431 698 τ
443 645 500 713 Τῆς
514 640 561 717 μὲν
578 633 621 698 τόν
639 639 701 708 δ’λης
714 637 799 716 χειρὸς
813 639 877 693 ὀστᾶ
891 633 931 701 ἓξ,

140 737 185 796 καί
200 736 295 796 ιίκοσιν
316 723 382 790 αἰναί
401 752 480 811 φησιν
499 734 514 787 δ
535 726 630 793 Σολεύς
647 725 795 804 Κλέαρχος,
815 714 852 789 εἰς
865 726 916 780 τῶν

141 823 331 903 Ἀριστοτέλους
345 822 478 896 μαθητῶν.

181 913 312 980 Idem11‚
327 909 401 974 164:
418 903 493 964 Μόνα
515 903 541 961 δὲ
556 906 582 960 ἐν
597 900 717 970 στήθεσιν
731 899 786 978 ἔχει
803 895 917 972 μαστούς

142 999 274 1078 ἀνθροιπος
283 993 329 1053 καλ
339 992 454 1070 νυκτερίς
465 989 510 1049 καλ
520 988 621 1068 ἐλέφας.
638 986 692 1047 Καί
701 984 768 1045 οὕτω
783 983 829 1062 μὲν
845 988 858 1041 ό
869 985 917 1042 Συ·

125 1109 129 1114 ·
143 1085 212 1151 λεός.
226 1084 393 1141 Accuratior
405 1080 567 1136 Aristoteles
580 1079 615 1134 II.
629 1082 682 1132 An.
699 1077 746 1148 11,
765 1095 793 1132 1.

182 1173 276 1229 Schol.
288 1173 397 1228 Platon.
409 1186 439 1240 p.
457 1165 512 1228 334
528 1163 615 1220 Beli.
631 1181 638 1219 :
657 1159 769 1235 Λέγουσι
783 1159 809 1216 δὲ
827 1157 918 1228 λῆκυ-

142 1263 230 1316 θον...
249 1255 295 1314 καί
306 1252 336 1312 τδ
357 1249 452 1329 μεταξύ
464 1255 508 1308 τοῦ
524 1246 659 1306 λευκανίου
670 1245 716 1305 καί
727 1245 833 1324 αὐχένος
847 1249 916 1323 ἠχῶ-

143 1345 219 1415 δες,ο
271 1361 317 1412 ησι
328 1337 474 1416 Κλέαρχος.
488 1337 595 1398 Eadem
607 1336 725 1408 Hesych.
735 1375 743 1404 ,
754 1337 834 1390 missa
844 1353 919 1390 meu·

143 1425 220 1484 tione
266 1421 371 1486 earchi.
827 1469 830 1476 ,

328 1547 420 1614 uam
442 1544 522 1604 'reu
546 1541 733 1602 teutonum

510 1679 556 1748 73.

184 1821 332 1875 Athenaeus
340 1818 405 1872 VIII
415 1857 424 1886 ,
434 1835 465 1889 p.
478 1813 583 1882 332,C
600 1833 606 1867 :
618 1811 677 1870 Οὐκ
686 1810 762 1868 ἔλαθε
774 1809 801 1868 δέ
816 1833 849 1887 με
863 1810 919 1868 οὐδὲ

147 1903 282 1980 Κλέαρχος
294 1905 308 1959 ὁ
320 1900 429 1960 ἀπὸτοῦ
441 1897 600 1979 περιπάτου,
613 1897 639 1962 ὃς
652 1895 738 1976 εἴρηκε
748 1896 862 1978 καὶπερὶ
875 1903 919 1956 τοῦ

146 1989 282 2056 ἐξωκοίτου
305 1985 466 2064 καλουμένου
491 1985 580 2064 ἰχθύος
609 1987 635 2042 ἐν
660 1988 697 2065 τῷ
723 1983 921 2065 ἐπιγραφομένῳ

148 2076 226 2155 Περὶ
248 2078 307 2132 τῶν
326 2073 474 2154 ἐνύδρων.
492 2069 589 2151 Εἰρηκε
603 2070 655 2151 γάρ
670 2073 789 2150 (κρατεῖν
811 2071 832 2128 δ’
848 2061 920 2147 οἶμαι

146 2165 247 2234 καὶτῆς
258 2161 365 2233 λέξεως,
383 2157 463 2225 οὔτως
483 2149 591 2238 ἐχούσης
600 2160 620 2235 )
635 2185 647 2209 ι
660 2156 815 2225 Ἐξῶκοιτος
830 2157 918 2237 ἰχθύς,

146 2249 173 2306 δν
189 2248 249 2306 ἔνιοι
266 2250 389 2306 καλοῦσιν
404 2245 516 2318 ἀδωνιν,
529 2243 643 2320 τοῦνομα
658 2243 705 2320 μέν
727 2245 817 2323 εἴληφε
836 2243 921 2302 διὰτὸ

146 2335 272 2402 πολλάκις
291 2332 338 2400 τάς
359 2331 518 2398 ἀναπαύσεις
542 2331 595 2389 ἔσω
615 2336 659 2389 τοῦ
680 2333 758 2410 ίιγροῦ
780 2335 919 2391 ποιεῖσθαι.

146 2419 225 2482 Ἔστι
240 2419 266 2479 δέ
281 2421 444 2502 ὑπόπυρρος,
459 2419 503 2478 καί
519 2417 569 2476 ἀπὸ
580 2421 631 2476 τῶν
652 2417 783 2498 βραγχίων
794 2417 922 2498 ἑκατέρω-

145 2516 188 2568 θεν
208 2514 252 2567 τοῦ
269 2507 391 2586 σώματος
409 2506 488 2588 μέχρι
501 2511 547 2576 τῆς
559 2503 652 2584 κέρκου
667 2503 728 2580 μίαν
749 2505 803 2583 ίχει
819 2506 922 2576 διηνεκῆ

146 2593 242 2666 λευκὴν
256 2593 360 2675 βάόδον.
373 2588 453 2653 Ἔστι
472 2591 499 2650 δὲ
522 2590 691 2670 στρογγύλος,
705 2590 762 2649 ἀλλ’
776 2593 805 2650 οὐ
825 2591 923 2658 πλατὺς

147 2681 201 2755 ῶν,
222 2681 290 2741 κατά
309 2680 339 2739 τό
361 2679 466 2757 μέγεθος
487 2679 541 2746 ίσος
560 2678 616 2738 ἰστλ
636 2681 688 2745 τοῖς
710 2678 920 2758 παραιγιαλίταις

147 2767 346 2848 κεστρινίσκοις·
361 2759 431 2826 οὗτοι
442 2769 465 2825 δ’
482 2765 546 2825 εἰσίν
559 2765 747 2824 ὀκταδάκτυλοι
763 2765 923 2841 μάλιστατὸ

147 2860 242 2930 μῆκος.
256 2854 296 2915 Ti
310 2853 337 2912 δί
353 2853 460 2912 σύνολον
480 2850 638 2936 ὁμοιότατόςΙ
647 2855 701 2910 ἐστι
716 2877 752 2932 τῳ
771 2852 923 2933 καλουμένῳ

146 2943 238 3022 τράγῳ
253 2941 377 3022 ἰχθυδίῳ,
393 2941 461 3013 πλὴν
472 2946 517 2999 τοῦ
532 2939 582 2998 ὓπδ
596 2939 639 2998 τὸν
651 2939 782 3020 στόμαχον
795 2939 923 3017 μέλανος,

147 3030 163 3088 ὃ
179 3031 289 3088 καλοῦσι
308 3033 354 3088 τοῦ
369 3028 465 3108 τράγου
479 3028 603 3106 πιίιγςονα.
625 3025 706 3088 Ἔστι
720 3027 746 3084 δέ
764 3031 778 3084 ὁ
791 3026 924 3094 ἐξώκοιτος

179 3203 263 3253 Totlirs
270 3216 356 3252 manos
366 3215 419 3252 ossa
431 3206 489 3253 aunt
497 3202 579 3264 viginti
596 3215 637 3252 sex
646 3204 729 3263 ‚ueste
744 3204 860 3253 clearcho
876 3205 920 3254 So-

147 3279 496 3342 tormarmotettsductputo.
766 3265 769 3276 '

181 3361 298 3407 Mammas
308 3358 333 3406 in
343 3360 440 3420 lectore
450 3357 515 3407 aolus
527 3357 599 3406 liabet
614 3358 700 3416 homo,
715 3361 740 3407 et
753 3358 888 3419 vespertilio
900 3359 924 3406 et

147 3435 253 3496 elephas.
267 3434 307 3484 sio
320 3434 422 3484 Solensis
432 3433 596 3496 (clearchus)
610 3433 692 3484 tradit.

180 3511 313 3573 lecythum
325 3510 409 3560 dieunt
425 3511 498 3560 etiam
510 3510 575 3572 quod
593 3511 656 3560 lutor
671 3512 753 3572 guttur
768 3513 792 3560 et
806 3513 923 3560 cervicem

146 3591 186 3640 eet
197 3601 330 3650 sonumque
339 3587 388 3638 edit
399 3587 623 3650 (gurgulionem),
639 3590 698 3637 teste
707 3588 832 3638 Clearclio.

298 3741 301 3746 -
365 3697 416 3756 DE
437 3697 709 3769 AQUATILIBUS.

513 3812 557 3861 73.

183 3917 232 3963 ileo
252 3925 309 3964 tero
325 3927 365 3962 me
383 3915 458 3964 latam
475 3927 531 3976 quea
545 3914 576 3962 de
591 3917 714 3974 exoeoeto,
733 3928 804 3975 ηυοω
826 3917 926 3973 vocarit,

147 3991 214 4051 pisce
223 3990 353 4039 Glearctius
361 3990 529 4052 Peripateticum
537 3990 630 4052 scripsit
639 3991 664 4038 in
679 3991 741 4040 libro
747 3991 789 4053 qui
798 3991 927 4051 neuquid·

148 4065 367 4115 libtuinaorlbimr.
377 4066 419 4115 Ait
425 4066 574 4128 igiturluam
583 4067 634 4128 ipsa
643 4067 716 4115 verba
725 4067 860 4122 meminime
867 4066 925 4115 mihi

149 4141 244 4201 videor,
261 4142 297 4192 sle
314 4141 441 4204 habentia)
460 4157 466 4190 τ
481 4163 493 4185 ι
507 4143 735 4204 exaestuemus,
752 4155 823 4204 quem
839 4143 926 4192 adonin

148 4220 239 4268 eooant
252 4217 376 4280 nonnulli,
390 4218 446 4268 inde
456 4231 544 4268 nomeu
560 4219 664 4280 invenit,
675 4220 739 4281 quod
756 4219 842 4282 sepius
859 4220 927 4270 'extra

147 4307 240 4356 aquam
249 4294 355 4356 quietem
364 4297 435 4357 molt.
448 4297 491 4346 Est
501 4298 583 4344 autem
594 4295 723 4355 subrutus,
735 4299 758 4346 et
777 4310 792 4344 a
809 4296 928 4345 branchiis

147 4371 184 4420 ab
194 4374 297 4433 utraque
305 4372 413 4432 οοηιοιίτ
425 4374 506 4433 parte,
516 4384 594 4434 usque
603 4372 634 4420 ad
649 4371 765 4434 caudam,
778 4385 852 4422 uuam
869 4385 928 4422 eon·

148 4449 245 4497 tinuam
260 4447 349 4509 via-gam
363 4447 437 4498 habet
454 4448 542 4498 albam.
564 4450 606 4498 liat
624 4451 706 4498 auimo
723 4449 854 4508 rotundus,
871 4449 927 4511 sed,

148 4539 230 4588 quum
240 4538 289 4574 non
300 4526 362 4576 latus
369 4527 414 4585 slt,
424 4526 586 4588 magnitudine
595 4539 638 4588 par
645 4527 682 4576 est
690 4526 822 4584 litoralibus
831 4527 928 4577 minutIs

150 4601 283 4664 mug'libos
301 4623 306 4652 :
323 4615 427 4663 quorum
441 4601 564 4665 longitudo
581 4605 637 4652 octo
652 4603 781 4652 admodum
799 4603 928 4665 digitorum

1680 334 1735 381 ³25

961 461 1011 514 τῶν
1022 454 1165 531 πετραίων,
1176 452 1220 510 καί
1232 451 1339 529 βιοτεύει
1349 449 1408 529 περὶ
1418 448 1476 514 τοδς
1487 446 1625 525 πετρώδεις
1637 445 1735 510 τόπους.

964 545 1016 604 Καί
1030 543 1091 601 ὅταν
1105 534 1122 620 ῆ
1143 539 1262 618 γαλήνη,
1288 536 1470 616 συνεξορούσας
1484 539 1521 614 τῷ
1541 535 1638 606 κύματι
1655 535 1738 591 κεῖται

962 631 1068 688 ἐπὶτῶν
1084 627 1220 706 πετριδίων
1240 625 1320 683 πολὺν
1338 623 1428 704 χρόνον
1445 622 1642 697 ἀναπαυόμενος
1657 625 1683 679 ἰν
1702 627 1739 700 τῷ

962 718 1046 796 ξηρῷ,
1057 716 1101 774 καὶ
1113 714 1283 793 μεταστρέφει
1294 711 1340 789 μὲν
1352 710 1443 768 ἑαυτὸν
1454 709 1517 789 πρδς
1525 708 1570 766 τδν
1579 709 1667 778 ῆλιον·
1678 707 1739 765 όταν

963 805 985 860 δ’
996 807 1091 869 ἱκανῶς
1103 805 1173 879 αύτῷ
1187 801 1220 859 τδι
1232 802 1295 879 πρδς
1312 799 1361 868 τῆν
1375 797 1522 855 ἀνάπαυσιν
1542 796 1591 876 ἔχη
1601 793 1739 875 ,προσκυ

962 891 1087 947 λινδεῖται
1099 891 1137 966 τῷ
1151 890 1235 966 ὑγρῷ,
1248 886 1327 963 μέχρι
1337 876 1366 942 ού
1381 884 1412 942 ἀν
1423 883 1501 941 πάλιν
1514 880 1644 940 ὓπολαόδν
1658 880 1736 939 αὐτὸν

962 978 991 1034 τὸ
1003 981 1075 1052 κῦμα
1086 976 1228 1051 κατενέγκῃ
1243 975 1311 1049 μετὰ
1322 977 1367 1041 τῆς
1378 971 1514 1050 ἀναρροίας
1526 973 1562 1034 εἰς
1578 969 1625 1038 τὴν
1638 968 1741 1027 θάλασ·

963 1085 1021 1122 σαν.
1033 1059 1120 1122 Ὅταν
1129 1059 1151 1118 δ’
1162 1059 1307 1162 ἐγρηγορὼς
1317 1061 1344 1115 ἐν
1355 1061 1392 1115 τῶ
1403 1057 1473 1137 ξηρῷ
1483 1055 1568 1135 τύχη,
1582 1056 1741 1134 φυλάττεται

962 1144 1013 1198 τῶν
1031 1140 1137 1219 ὀρνίθων
1151 1161 1210 1203 τους
1227 1117 1401 1216 παρευδιστάς
1419 1137 1609 1211 καλουμένους,
1630 1125 1666 1191 ῶν
1684 1137 1739 1193 ἐστι

962 1226 1088 1304 κηρύλος,
1100 1226 1232 1304 τροχιλος,
1251 1225 1295 1282 καὶ
1311 1228 1371 1302 δτῇ
1383 1224 1456 1300 κρεκὶ
1475 1220 1657 1301 προσεμφερὴς
1677 1222 1742 1280 ἐλάι-

965 1338 1032 1396 ριος,
1041 1306 1122 1374 oleo
1136 1313 1200 1392 γάρ,
1221 1317 1247 1370 ἐν
1265 1317 1322 1379 ταῖς
1334 1312 1430 1377 εὐδίαις
1444 1311 1518 1390 παρά
1529 1309 1559 1368 τὸ
1573 1309 1649 1387 ξηρὸν
1663 1313 1742 1385 νεμό-

966 1425 1054 1480 μενοι,
1065 1400 1191 1466 πολλάκις
1201 1403 1272 1480 αὐτῷ
1282 1399 1490 1478 περιπίπτουσιν.
1500 1397 1554 1464 ot<
1564 1395 1625 1454 ὅταν
1636 1396 1742 1478 προίδη-

964 1512 1024 1560 ται,
1041 1487 1130 1566 φεύγει
1141 1488 1232 1557 πηδῶν
1245 1487 1290 1545 καὶ
1301 1486 1455 1564 ἀσπαίρων,
1471 1485 1519 1551 ἕως
1539 1483 1571 1543 ἀν
1585 1487 1620 1550 εἰς
1631 1484 1661 1542 τό
1674 1484 1743 1563 ὕδωρ

966 1573 1206 1652 ἀποκυόιστῆοη.»
1227 1572 1289 1632 Ἔτι
1311 1577 1325 1630 δ
1346 1573 1421 1638 αὐτὸς
1445 1571 1579 1650 Κλέαρχος
1594 1571 1640 1629 καὶ
1658 1574 1743 1628 ταῦτά

964 1685 1043 1742 φησι,
1068 1660 1225 1740 σαφέστερον
1249 1665 1295 1718 τοῦ
1318 1657 1465 1738 Κυρηναίου
1484 1656 1695 1737 Φιλοστεφάνου,
1714 1650 1744 1714 οὗ

966 1749 1091 1828 πρότερον
1113 1747 1260 1823 ἐμνῆσθην·
1283 1775 1294 1798 ι
1315 1745 1393 1806 Ἐπεί
1411 1768 1477 1810 τινες
1500 1748 1551 1802 τῶν
1578 1745 1674 1822 ἰχθύσιν
1697 1747 1744 1802 οὐκ

966 1833 1068 1913 ἔχοντες
1088 1833 1201 1914 βρόγχον
1218 1832 1379 1913 φθέγγονται.
1392 1836 1513 1890 Ἰὀιοῦτοι
1530 1832 1552 1888 δ’
1566 1829 1631 1888 εἰσίν
1646 1832 1670 1886 οἰ
1684 1830 1744 1908 περὶ

967 1922 1096 2000 Κλείτορα
1117 1925 1163 1991 τῆς
1186 1920 1338 2000 Ἀρκαδίας,
1360 1923 1386 1977 ἐν
1407 1923 1444 2000 τῷ
1467 1919 1572 1978 Λάδωνι
1592 1918 1745 1996 καλουμένῳ

965 2012 1086 2089 ποταμῷ.
1096 2008 1259 2085 Φθέγγονται
1272 2005 1322 2086 γάρ
1337 2004 1470 2064 καίπολδν
1478 1998 1542 2082 ῆχον
1553 2006 1719 2064 ἀποτελοῦσι.
1732 2033 1745 2056 ι

1006 2098 1154 2154 Athenaeus
1168 2098 1274 2168 V11‚p.
1291 2095 1363 2168 317,
1379 2095 1429 2148 ubi
1443 2094 1573 2149 laudatur
1589 2093 1638 2152 Ιίλ.
1661 2093 1687 2149 ἰν
1707 2095 1745 2173 so}

968 2181 1033 2260 Περὶ
1045 2184 1096 2239 τῶν
1110 2182 1137 2238 ἰν
1149 2185 1186 2258 τῷ
1197 2183 1267 2259 ὑγρῷ
1277 2224 1284 2250 ,
1296 2201 1325 2239 ν.
1336 2200 1430 2255 supra.
1448 2181 1484 2237 fr.
1499 2186 1545 2250 47.

1233 2303 1322 2361 IIEPI
1343 2302 1471 2360 OthtN.

1334 2437 1348 2485 7
1353 2423 1381 2480 ί·

1007 2521 1155 2576 Athenaeus
1164 2522 1241 2588 VIII,
1252 2540 1282 2594 p.
1298 2519 1364 2585 345,
1376 2519 1400 2576 Ε
1415 2538 1421 2577 :
1434 2518 1493 2577 Οἰικ
1503 2519 1587 2592 ἀγνοῶ
1598 2513 1678 2574 δὲκαὶ
1689 2516 1747 2581 τοὺς

970 2603 1138 2684 ἰχθυοφάγους
1153 2607 1262 2675 παῖδας,
1283 2595 1318 2660 ῶν
1332 2606 1468 2682 Κλέαρχος
1483 2599 1639 2678 μνημονεύει
1660 2605 1685 2660 έν
1707 2608 1748 2682 τῷ

970 2690 1036 2770 Περὶ
1050 2694 1143 2766 θινῶν,
1157 2690 1263 2770 φάσκων
1275 2690 1453 2768 Ψαμμίτιχον
1468 2689 1511 2747 τδν
1526 2689 1676 2766 Αἰγυπτίων
1694 2694 1744 2767 βα-

969 2777 1042 2834 σιλέα
1056 2779 1151 2843 παῖδας
1165 2777 1257 2858 θρέψαι
1269 2779 1456 2857 ἰχθυοφάγους,
1470 2776 1517 2844 τάς
1530 2776 1616 2854 πηγάς
1626 2782 1671 2834 τοῦ
1683 2770 1745 2836 Nel-

969 2867 1015 2923 λου
1029 2865 1184 2942 βουλόμενον
1197 2869 1294 2944 εύρεῖν·
1307 2867 1351 2923 καὶ
1367 2865 1460 2931 ἀλλους
1472 2864 1499 2921 δὲ
1512 2863 1617 2940 ἀδίψους
1631 2866 1746 2933 ἀσκῆσαι
1763 2900 1776 2920 .

970 2949 1027 3017 τοὺς
1038 2952 1251 3030 ἐρευνησομένους
1264 2952 1309 3019 τάς
1324 2955 1350 3011 ἐν
1366 2951 1451 3028 Λιόύη
1467 2951 1605 3031 ψάμμους,
1617 2942 1653 3008 ῶν
1665 2951 1746 3027 ὀλίγοι

972 3037 1143 3107 διεσώθησαν.

971 3217 997 3253 se
1007 3205 1141 3254 obvertens.
1160 3209 1290 3268 Postqrrsm
1301 3207 1358 3256 satis
1370 3197 1477 3268 quievit,
1489 3205 1609 3284 ρτονοίνίί
1625 3218 1652 3255 ae
1662 3218 1748 3254 sersus

971 3295 1050 3343 utare,
1059 3282 1136 3332 donee
1144 3296 1200 3332 eum
1211 3284 1274 3332 nlius
1281 3284 1402 3344 exciplens
1411 3283 1512 3343 duetus,
1522 3284 1563 3331 ulii
1575 3283 1746 3345 reolprocntur,

970 3361 996 3408 in
1013 3373 1079 3409 snare
1095 3373 1178 3410 rursus
1187 3361 1273 3410 deleat.
1292 3365 1375 3420 Quum
1388 3375 1446 3410 vero
1458 3361 1540 3422 vigilat
1551 3362 1575 3408 in
1587 3361 1665 3421 siros,
1678 3365 1745 3408 cavet

971 3437 1191 3498 avesejuagenerls,
1200 3449 1256 3498 quse
1262 3438 1405 3498 ostendisse
1414 3438 1569 3496 vocanturts
1578 3437 1746 3498 parendiastae.

971 3529 1027 3578 quae
1033 3515 1163 3577 tranquillo
1174 3516 1234 3564 utari
1251 3517 1314 3564 σίτων
1333 3518 1414 3565 littora
1425 3517 1583 3578 pascuntur),
1593 3515 1678 3576 qirales
1688 3519 1744 3564 sont

971 3591 1072 3653 οετγίιιε,
1081 3592 1196 3641 ίτοοίιίίυο
1203 3595 1229 3641 et
1241 3593 1303 3640 croci
1314 3593 1398 3642 similis
1407 3593 1520 3640 laetorius.
1531 3593 1576 3639 lite
1585 3591 1662 3648 eninr,
1673 3603 1747 3652 quom

971 3681 1081 3716 serenum
1096 3669 1184 3716 saelum
1196 3671 1220 3716 et
1238 3681 1305 3716 ruane
1320 3669 1478 3731 tranquillum
1496 3670 1545 3725 est,
1563 3667 1587 3714 in
1605 3666 1673 3714 simis
1684 3668 1747 3714 siren

971 3758 1037 3794 mue
1055 3745 1112 3794 locis
1129 3745 1210 3795 silium
1227 3749 1377 3808 quaerentes,
1393 3759 1456 3806 sepe
1472 3757 1527 3792 eum
1546 3745 1671 3794 invadunt.
1682 3749 1748 3800 Quas

972 3820 1012 3869 ubi
1030 3823 1166 3888 prospexit⁸
1177 3822 1237 3884 lugit
1247 3822 1387 3873 subsultana
1400 3824 1424 3870 et
1437 3822 1568 3883 palpitans,
1581 3819 1656 3868 donee
1666 3833 1750 3868 rursus

972 3897 996 3946 ln
1005 3911 1092 3960 aquam
1101 3901 1248 3962 praeeipitem
1256 3914 1283 3950 se
1293 3901 1393 3952 dederit.
1411 3921 1423 3942 ν

1003 3979 1120 4027 Praeterea
1129 3978 1192 4027 idem
1199 3980 1330 4030 clearchus
1336 3980 1409 4028 etiam
1419 3979 1471 4037 liaeo
1479 3977 1552 4035 dicit,
1562 3977 1667 4036 artemius
1675 3966 1748 4036 onam

972 4056 1102 4114 cyreneus
1120 4055 1330 4117 Philostephanus,
1352 4068 1424 4117 quem
1441 4052 1669 4102 antenominati«
1688 4055 1748 4100 dam
1817 4076 1820 4081 ,

973 4131 1080 4179 nonnulli
1088 4145 1117 4179 ex
1127 4131 1233 4193 piscibus
1243 4131 1363 4193 (inquit),
1373 4129 1484 4193 quamvls
1492 4131 1629 4190 gutturuon
1637 4120 1748 4189 iubeant,
1770 4117 1775 4124 ¹

972 4220 1058 4256 sonum
1074 4207 1156 4257 edunt.
1174 4210 1244 4259 Tales
1259 4212 1315 4259 sunt
1333 4209 1375 4271 qul
1391 4209 1455 4258 cirea
1468 4207 1585 4256 (litteram
1598 4205 1708 4262 Arcadia)
1723 4207 1748 4254 iu

974 4283 1082 4343 tadone,
1101 4284 1141 4345 qrti
1163 4288 1272 4346 vocatur,
1294 4285 1369 4334 lluvio
1386 4286 1524 4348 gignumr.
1542 4287 1602 4333 liam
1618 4286 1642 4331 et
1661 4296 1747 4331 sarnum

973 4361 1059 4420 edum,
1071 4362 1096 4408 et
1106 4372 1163 4409 eum
1171 4361 1268 4422 quidem
1281 4362 1388 4411 validum
1399 4362 1536 4410 admodum.
1552 4381 1564 4404 ν

1121 4444 1171 4525 uu
1192 4467 1379 4527 laeuosrs
1399 4466 1590 4527 omanus.

1339 4582 1383 4631 74.

149 4679 198 4727 est.
214 4679 319 4727 omnino
337 4692 394 4728 vero
406 4679 541 4728 silnlllimus
556 4681 592 4728 eut
610 4679 723 4740 pitcioulo
740 4692 814 4740 quem
831 4681 926 4742 tragum
1004 4681 1053 4726 lt'ee
1070 4691 1110 4725 me
1125 4676 1220 4738 tugiunt
1236 4676 1270 4724 illi
1289 4677 1392 4738 placillus
1404 4681 1527 4727 vescentes
1542 4679 1625 4739 pueri,
1645 4690 1748 4739 quorum

151 4755 187 4811 (ί.
200 4767 221 4802 e.
236 4754 343 4816 hicum)
357 4767 482 4816 sommus,
497 4757 598 4817 exeepta
609 4753 675 4816 ulgra
686 4754 731 4804 sub
740 4755 864 4804 stomaolio
876 4768 928 4804 ma·
974 4755 1103 4806 Clearchus
1112 4754 1221 4803 meminit
1231 4754 1256 4803 in
1268 4754 1329 4803 libro
1340 4758 1376 4804 ne
1392 4757 1498 4804 arenosis
1509 4754 1583 4814 locis,
1602 4756 1643 4803 ubl
1654 4743 1749 4812 scribit,

150 4829 225 4889 cirta,
242 4843 317 4892 quam
337 4831 397 4893 ίταρί
419 4831 516 4880 barbam
537 4833 632 4883 uocant.
653 4833 694 4883 Est
712 4833 793 4880 autem
806 4833 930 4886 andoletus
975 4832 1170 4886 PsammitIclrum
1179 4832 1343 4893 AEgyptiornm
1351 4845 1429 4893 regem
1439 4845 1526 4893 pueros
1534 4832 1619 4880 aluisse
1628 4832 1755 4884 καταπίοι,
1824 4863 1830 4866 -

150 4923 166 4952 ι·
176 4907 315 4956 saxatilium
326 4920 425 4968 genere,
439 4908 562 4970 vitamque
571 4909 634 4969 degit
644 4909 667 4956 ln
680 4907 739 4957 lonis
748 4909 845 4958 saxosis.
856 4909 929 4970 lgitnr
975 4910 1090 4973 piscibus,
1111 4923 1187 4972 quarm
1198 4910 1269 4960 vellet
1289 4909 1336 4960 ltili
1356 4910 1432 4958 tontes
1446 4909 1598 4970 inuestigare,
1615 4907 1748 4965 aluissoque

150 4997 229 5046 «guum
240 4985 397 5047 tranquillum
417 4999 483 5035 mare
500 4985 785 5046 est,sul1siIItunacum
803 4985 891 5048 luctu,
906 4989 930 5036 et
975 4987 1032 5036 item
1049 4987 1107 5034 alios
1124 4987 1188 5034 sitim
1205 4987 1307 5035 tolerare
1326 4984 1435 5043 edoctos,
1446 4985 1595 5045 quiareuosa
1611 4982 1690 5042 libya
1705 4981 1747 5026 dr·-

151 5061 268 5126 inperiis
280 5061 438 5111 cautibusdiu
455 5062 530 5124 iuuet,
548 5063 698 5123 requiescens
712 5063 736 5110 in
753 5065 831 5122 sicco,
841 5065 865 5112 et
883 5063 927 5116 soll
974 5061 1240 5123 metanervmtigemnt,
1249 5063 1398 5110 lrorumrero
1408 5059 1746 5120 patrusetmiaseineolumes.
