<?xml version="1.0" encoding="UTF-8"?>
<!DOCTYPE html PUBLIC "-//W3C//DTD XHTML 1.0 Transitional//EN"
    "http://www.w3.org/TR/xhtml1/DTD/xhtml1-transitional.dtd">
<html xmlns="http://www.w3.org/1999/xhtml" xml:lang="en" lang="en">
 <head>
  <title>
</title>
<meta http-equiv="Content-Type" content="text/html;charset=utf-8" />
  <meta name='ocr-system' content='tesseract 3.04.00' />
  <meta name='ocr-capabilities' content='ocr_page ocr_carea ocr_par ocr_line ocrx_word'/>
</head>
<body>
  <div class='ocr_page' id='page_1' title='image "./fragmentahistor01unkngoog/fragmentahistor01unkngoog_0587.png"; bbox 0 0 3834 5767; ppageno 0'>
   <div class='ocr_carea' id='block_1_1' title="bbox 189 421 244 468">
    <p class='ocr_par' dir='ltr' id='par_1_1' title="bbox 189 421 244 468">
     <span class='ocr_line' id='line_1_1' title="bbox 189 421 244 468; baseline 0 0"><span class='ocrx_word' id='word_1_1' title='bbox 189 421 244 468; x_wconf 79' lang='lat' dir='ltr'>sta</span> 
     </span>
    </p>
   </div>
   <div class='ocr_carea' id='block_1_2' title="bbox 188 535 969 3125">
    <p class='ocr_par' dir='ltr' id='par_1_2' title="bbox 188 535 963 701">
     <span class='ocr_line' id='line_1_2' title="bbox 189 535 963 614; baseline -0.016 -16"><span class='ocrx_word' id='word_1_2' title='bbox 189 542 299 614; x_wconf 87' lang='lat' dir='ltr'>rejecit,</span> <span class='ocrx_word' id='word_1_3' title='bbox 312 541 457 594; x_wconf 88' lang='lat' dir='ltr'>hominum</span> <span class='ocrx_word' id='word_1_4' title='bbox 473 549 596 610; x_wconf 88' lang='lat' dir='ltr'>tempora</span> <span class='ocrx_word' id='word_1_5' title='bbox 610 535 645 590; x_wconf 74' lang='lat' dir='ltr'>acl</span> <span class='ocrx_word' id='word_1_6' title='bbox 660 553 724 588; x_wconf 89' lang='lat' dir='ltr'>suos</span> <span class='ocrx_word' id='word_1_7' title='bbox 739 535 822 608; x_wconf 91' lang='lat' dir='ltr'>ipsius</span> <span class='ocrx_word' id='word_1_8' title='bbox 840 535 963 588; x_wconf 88' lang='lat' dir='ltr'>calculos</span> 
     </span>
     <span class='ocr_line' id='line_1_3' title="bbox 188 630 288 701; baseline -0.02 -17"><span class='ocrx_word' id='word_1_9' title='bbox 188 630 288 701; x_wconf 79' lang='lat' dir='ltr'>exegit.</span> 
     </span>
    </p>

    <p class='ocr_par' dir='ltr' id='par_1_3' title="bbox 190 707 964 1217">
     <span class='ocr_line' id='line_1_4' title="bbox 230 707 963 780; baseline -0.014 -10"><span class='ocrx_word' id='word_1_10' title='bbox 230 718 334 770; x_wconf 84' lang='lat' dir='ltr'>Primus</span> <span class='ocrx_word' id='word_1_11' title='bbox 346 725 442 768; x_wconf 80' lang='lat' dir='ltr'>auctor</span> <span class='ocrx_word' id='word_1_12' title='bbox 457 710 537 780; x_wconf 84' lang='lat' dir='ltr'>hujus</span> <span class='ocrx_word' id='word_1_13' title='bbox 550 710 747 763; x_wconf 81' lang='lat' dir='ltr'>laterculorum</span> <span class='ocrx_word' id='word_1_14' title='bbox 763 709 839 780; x_wconf 87' lang='lat' dir='ltr'>quasi</span> <span class='ocrx_word' id='word_1_15' title='bbox 854 707 963 761; x_wconf 84' lang='lat' dir='ltr'>familiae</span> 
     </span>
     <span class='ocr_line' id='line_1_5' title="bbox 190 795 961 868; baseline -0.008 -14"><span class='ocrx_word' id='word_1_16' title='bbox 190 803 300 856; x_wconf 80' lang='lat' dir='ltr'>Judaus</span> <span class='ocrx_word' id='word_1_17' title='bbox 311 800 403 854; x_wconf 69' lang='lat' dir='ltr'>Interit.</span> <span class='ocrx_word' id='word_1_18' title='bbox 421 799 490 852; x_wconf 88' lang='lat' dir='ltr'>Nam</span> <span class='ocrx_word' id='word_1_19' title='bbox 504 799 547 850; x_wconf 78' lang='lat' dir='ltr'>vel</span> <span class='ocrx_word' id='word_1_20' title='bbox 565 815 670 868; x_wconf 85' lang='lat' dir='ltr'>eaquae</span> <span class='ocrx_word' id='word_1_21' title='bbox 684 796 818 850; x_wconf 82' lang='lat' dir='ltr'>Eusebius</span> <span class='ocrx_word' id='word_1_22' title='bbox 834 795 961 860; x_wconf 78' lang='lat' dir='ltr'>exhibet,</span> 
     </span>
     <span class='ocr_line' id='line_1_6' title="bbox 191 881 964 958; baseline -0.012 -16"><span class='ocrx_word' id='word_1_23' title='bbox 191 889 354 944; x_wconf 78' lang='lat' dir='ltr'>ad&#39;ludaica</span> <span class='ocrx_word' id='word_1_24' title='bbox 370 899 497 958; x_wconf 88' lang='lat' dir='ltr'>tempora</span> <span class='ocrx_word' id='word_1_25' title='bbox 516 883 727 938; x_wconf 86' lang='lat' dir='ltr'>accommodata</span> <span class='ocrx_word' id='word_1_26' title='bbox 742 893 805 936; x_wconf 89' lang='lat' dir='ltr'>sunt</span> <span class='ocrx_word' id='word_1_27' title='bbox 824 883 853 934; x_wconf 92' lang='lat' dir='ltr'>in</span> <span class='ocrx_word' id='word_1_28' title='bbox 874 881 964 952; x_wconf 84' lang='lat' dir='ltr'>dyna-</span> 
     </span>
     <span class='ocr_line' id='line_1_7' title="bbox 191 967 964 1042; baseline -0.013 -12"><span class='ocrx_word' id='word_1_29' title='bbox 191 975 247 1030; x_wconf 89' lang='lat' dir='ltr'>stiis</span> <span class='ocrx_word' id='word_1_30' title='bbox 255 977 331 1042; x_wconf 83' lang='lat' dir='ltr'>XVI,</span> <span class='ocrx_word' id='word_1_31' title='bbox 341 971 542 1038; x_wconf 80' lang='lat' dir='ltr'>XVII-XIII,</span> <span class='ocrx_word' id='word_1_32' title='bbox 555 988 646 1042; x_wconf 91' lang='lat' dir='ltr'>neque</span> <span class='ocrx_word' id='word_1_33' title='bbox 655 969 726 1023; x_wconf 91' lang='lat' dir='ltr'>illud</span> <span class='ocrx_word' id='word_1_34' title='bbox 736 968 814 1040; x_wconf 90' lang='lat' dir='ltr'>quod</span> <span class='ocrx_word' id='word_1_35' title='bbox 824 967 860 1021; x_wconf 91' lang='lat' dir='ltr'>de</span> <span class='ocrx_word' id='word_1_36' title='bbox 874 979 964 1021; x_wconf 90' lang='lat' dir='ltr'>trans-</span> 
     </span>
     <span class='ocr_line' id='line_1_8' title="bbox 191 1055 963 1136; baseline -0.01 -20"><span class='ocrx_word' id='word_1_37' title='bbox 191 1064 287 1136; x_wconf 77' lang='lat' dir='ltr'>positis</span> <span class='ocrx_word' id='word_1_38' title='bbox 299 1061 429 1132; x_wconf 81' lang='lat' dir='ltr'>dynastiis</span> <span class='ocrx_word' id='word_1_39' title='bbox 440 1059 582 1131; x_wconf 77' lang='lat' dir='ltr'>Syncellus</span> <span class='ocrx_word' id='word_1_40' title='bbox 595 1067 706 1129; x_wconf 86' lang='lat' dir='ltr'>crepat,</span> <span class='ocrx_word' id='word_1_41' title='bbox 720 1055 902 1110; x_wconf 79' lang='lat' dir='ltr'>fundamento</span> <span class='ocrx_word' id='word_1_42' title='bbox 918 1073 963 1108; x_wconf 90' lang='lat' dir='ltr'>ca-</span> 
     </span>
     <span class='ocr_line' id='line_1_9' title="bbox 191 1143 805 1217; baseline -0.01 -15"><span class='ocrx_word' id='word_1_43' title='bbox 191 1159 247 1217; x_wconf 88' lang='lat' dir='ltr'>ret,</span> <span class='ocrx_word' id='word_1_44' title='bbox 260 1148 347 1203; x_wconf 91' lang='lat' dir='ltr'>modo</span> <span class='ocrx_word' id='word_1_45' title='bbox 361 1165 396 1201; x_wconf 91' lang='lat' dir='ltr'>ne</span> <span class='ocrx_word' id='word_1_46' title='bbox 410 1146 520 1200; x_wconf 85' lang='lat' dir='ltr'>Eusebii</span> <span class='ocrx_word' id='word_1_47' title='bbox 533 1147 638 1199; x_wconf 78' lang='lat' dir='ltr'>crimen</span> <span class='ocrx_word' id='word_1_48' title='bbox 652 1161 710 1197; x_wconf 85' lang='lat' dir='ltr'>esse</span> <span class='ocrx_word' id='word_1_49' title='bbox 720 1143 805 1196; x_wconf 89' lang='lat' dir='ltr'>dicas.</span> 
     </span>
    </p>

    <p class='ocr_par' dir='ltr' id='par_1_4' title="bbox 191 1226 967 1909">
     <span class='ocr_line' id='line_1_10' title="bbox 231 1226 966 1304; baseline -0.018 -14"><span class='ocrx_word' id='word_1_50' title='bbox 231 1233 336 1290; x_wconf 86' lang='lat' dir='ltr'>blentio</span> <span class='ocrx_word' id='word_1_51' title='bbox 356 1234 477 1304; x_wconf 89' lang='lat' dir='ltr'>denique</span> <span class='ocrx_word' id='word_1_52' title='bbox 491 1229 618 1286; x_wconf 81' lang='lat' dir='ltr'>iacienda</span> <span class='ocrx_word' id='word_1_53' title='bbox 632 1229 845 1294; x_wconf 81' lang='lat' dir='ltr'>laterculorum,</span> <span class='ocrx_word' id='word_1_54' title='bbox 861 1243 922 1298; x_wconf 81' lang='lat' dir='ltr'>quae</span> <span class='ocrx_word' id='word_1_55' title='bbox 936 1226 966 1278; x_wconf 92' lang='lat' dir='ltr'>in</span> 
     </span>
     <span class='ocr_line' id='line_1_11' title="bbox 191 1313 965 1395; baseline -0.017 -18"><span class='ocrx_word' id='word_1_56' title='bbox 191 1325 335 1395; x_wconf 75' lang='lat' dir='ltr'>Excerptis</span> <span class='ocrx_word' id='word_1_57' title='bbox 349 1321 481 1374; x_wconf 78' lang='lat' dir='ltr'>Barbaria</span> <span class='ocrx_word' id='word_1_58' title='bbox 494 1320 636 1391; x_wconf 84' lang='lat' dir='ltr'>leguntur.</span> <span class='ocrx_word' id='word_1_59' title='bbox 649 1317 745 1372; x_wconf 86' lang='lat' dir='ltr'>Laccri</span> <span class='ocrx_word' id='word_1_60' title='bbox 758 1324 861 1370; x_wconf 87' lang='lat' dir='ltr'>suntet</span> <span class='ocrx_word' id='word_1_61' title='bbox 876 1313 965 1366; x_wconf 88' lang='lat' dir='ltr'>aviro</span> 
     </span>
     <span class='ocr_line' id='line_1_12' title="bbox 191 1403 965 1482; baseline -0.013 -20"><span class='ocrx_word' id='word_1_62' title='bbox 191 1409 377 1482; x_wconf 86' lang='lat' dir='ltr'>stupidissimo</span> <span class='ocrx_word' id='word_1_63' title='bbox 390 1425 405 1462; x_wconf 87' lang='lat' dir='ltr'>e</span> <span class='ocrx_word' id='word_1_64' title='bbox 418 1406 603 1480; x_wconf 83' lang='lat' dir='ltr'>graecislatine</span> <span class='ocrx_word' id='word_1_65' title='bbox 614 1403 687 1457; x_wconf 81' lang='lat' dir='ltr'>lacti.</span> <span class='ocrx_word' id='word_1_66' title='bbox 698 1404 770 1457; x_wconf 90' lang='lat' dir='ltr'>Usus</span> <span class='ocrx_word' id='word_1_67' title='bbox 781 1419 879 1456; x_wconf 89' lang='lat' dir='ltr'>corum</span> <span class='ocrx_word' id='word_1_68' title='bbox 885 1417 965 1472; x_wconf 72' lang='lat' dir='ltr'>paene</span> 
     </span>
     <span class='ocr_line' id='line_1_13' title="bbox 191 1489 966 1565; baseline -0.013 -16"><span class='ocrx_word' id='word_1_69' title='bbox 191 1497 284 1552; x_wconf 90' lang='lat' dir='ltr'>nullus</span> <span class='ocrx_word' id='word_1_70' title='bbox 302 1507 351 1552; x_wconf 90' lang='lat' dir='ltr'>cst.</span> <span class='ocrx_word' id='word_1_71' title='bbox 363 1495 478 1550; x_wconf 84' lang='lat' dir='ltr'>Numeri</span> <span class='ocrx_word' id='word_1_72' title='bbox 489 1493 591 1565; x_wconf 91' lang='lat' dir='ltr'>partim</span> <span class='ocrx_word' id='word_1_73' title='bbox 612 1509 676 1544; x_wconf 88' lang='lat' dir='ltr'>curn</span> <span class='ocrx_word' id='word_1_74' title='bbox 690 1489 839 1556; x_wconf 79' lang='lat' dir='ltr'>Africano,</span> <span class='ocrx_word' id='word_1_75' title='bbox 863 1489 966 1560; x_wconf 88' lang='lat' dir='ltr'>partim</span> 
     </span>
     <span class='ocr_line' id='line_1_14' title="bbox 191 1575 966 1653; baseline -0.013 -17"><span class='ocrx_word' id='word_1_76' title='bbox 191 1602 255 1636; x_wconf 81' lang='lat' dir='ltr'>cunr</span> <span class='ocrx_word' id='word_1_77' title='bbox 267 1582 396 1649; x_wconf 88' lang='lat' dir='ltr'>Eusebio,</span> <span class='ocrx_word' id='word_1_78' title='bbox 407 1581 508 1653; x_wconf 90' lang='lat' dir='ltr'>partim</span> <span class='ocrx_word' id='word_1_79' title='bbox 519 1597 582 1633; x_wconf 92' lang='lat' dir='ltr'>cum</span> <span class='ocrx_word' id='word_1_80' title='bbox 593 1587 693 1632; x_wconf 89' lang='lat' dir='ltr'>neutro</span> <span class='ocrx_word' id='word_1_81' title='bbox 704 1577 816 1630; x_wconf 85' lang='lat' dir='ltr'>faciunt.</span> <span class='ocrx_word' id='word_1_82' title='bbox 831 1575 966 1628; x_wconf 74' lang='lat' dir='ltr'>Praeterea</span> 
     </span>
     <span class='ocr_line' id='line_1_15' title="bbox 193 1663 966 1739; baseline -0.012 -17"><span class='ocrx_word' id='word_1_83' title='bbox 193 1681 383 1724; x_wconf 84' lang='lat' dir='ltr'>memorantur</span> <span class='ocrx_word' id='word_1_84' title='bbox 398 1668 528 1739; x_wconf 81' lang='lat' dir='ltr'>dynastiae</span> <span class='ocrx_word' id='word_1_85' title='bbox 543 1666 762 1719; x_wconf 83' lang='lat' dir='ltr'>Bubastonorum</span> <span class='ocrx_word' id='word_1_86' title='bbox 776 1671 803 1716; x_wconf 92' lang='lat' dir='ltr'>et</span> <span class='ocrx_word' id='word_1_87' title='bbox 816 1663 966 1732; x_wconf 82' lang='lat' dir='ltr'>Hermopo-</span> 
     </span>
     <span class='ocr_line' id='line_1_16' title="bbox 193 1748 967 1825; baseline -0.009 -18"><span class='ocrx_word' id='word_1_88' title='bbox 193 1759 344 1821; x_wconf 82' lang='lat' dir='ltr'>litanorum,</span> <span class='ocrx_word' id='word_1_89' title='bbox 363 1772 430 1825; x_wconf 91' lang='lat' dir='ltr'>quas</span> <span class='ocrx_word' id='word_1_90' title='bbox 443 1754 511 1808; x_wconf 89' lang='lat' dir='ltr'>alius</span> <span class='ocrx_word' id='word_1_91' title='bbox 522 1751 605 1805; x_wconf 89' lang='lat' dir='ltr'>habet</span> <span class='ocrx_word' id='word_1_92' title='bbox 612 1769 694 1805; x_wconf 91' lang='lat' dir='ltr'>nemo</span> <span class='ocrx_word' id='word_1_93' title='bbox 704 1767 796 1821; x_wconf 86' lang='lat' dir='ltr'>neque</span> <span class='ocrx_word' id='word_1_94' title='bbox 806 1759 898 1802; x_wconf 90' lang='lat' dir='ltr'>tamen</span> <span class='ocrx_word' id='word_1_95' title='bbox 909 1748 967 1820; x_wconf 87' lang='lat' dir='ltr'>ipse</span> 
     </span>
     <span class='ocr_line' id='line_1_17' title="bbox 192 1837 657 1909; baseline 0 -15"><span class='ocrx_word' id='word_1_96' title='bbox 192 1842 344 1896; x_wconf 85' lang='lat' dir='ltr'>homuncio</span> <span class='ocrx_word' id='word_1_97' title='bbox 362 1841 408 1893; x_wconf 89' lang='lat' dir='ltr'>illc</span> <span class='ocrx_word' id='word_1_98' title='bbox 429 1837 539 1892; x_wconf 79' lang='lat' dir='ltr'>finxisse</span> <span class='ocrx_word' id='word_1_99' title='bbox 552 1847 657 1909; x_wconf 87' lang='lat' dir='ltr'>potest.</span> 
     </span>
    </p>

    <p class='ocr_par' dir='ltr' id='par_1_5' title="bbox 193 1920 969 2952">
     <span class='ocr_line' id='line_1_18' title="bbox 233 1920 968 2000; baseline -0.012 -18"><span class='ocrx_word' id='word_1_100' title='bbox 233 1927 384 1999; x_wconf 88' lang='lat' dir='ltr'>Quomodo</span> <span class='ocrx_word' id='word_1_101' title='bbox 399 1927 481 2000; x_wconf 82' lang='lat' dir='ltr'>graeci</span> <span class='ocrx_word' id='word_1_102' title='bbox 496 1935 523 1979; x_wconf 89' lang='lat' dir='ltr'>et</span> <span class='ocrx_word' id='word_1_103' title='bbox 537 1925 637 1997; x_wconf 87' lang='lat' dir='ltr'>pagani</span> <span class='ocrx_word' id='word_1_104' title='bbox 651 1921 834 1996; x_wconf 80' lang='grc' dir='ltr'>Αἰγυπτιακῶν</span> <span class='ocrx_word' id='word_1_105' title='bbox 847 1920 968 1992; x_wconf 89' lang='lat' dir='ltr'>scripto-</span> 
     </span>
     <span class='ocr_line' id='line_1_19' title="bbox 195 2009 965 2084; baseline -0.009 -17"><span class='ocrx_word' id='word_1_106' title='bbox 195 2033 236 2070; x_wconf 89' lang='lat' dir='ltr'>res</span> <span class='ocrx_word' id='word_1_107' title='bbox 258 2013 474 2071; x_wconf 89' lang='lat' dir='ltr'>IlIanethoniano</span> <span class='ocrx_word' id='word_1_108' title='bbox 494 2029 579 2084; x_wconf 88' lang='lat' dir='ltr'>opere</span> <span class='ocrx_word' id='word_1_109' title='bbox 598 2011 638 2064; x_wconf 89' lang='lat' dir='ltr'>usi</span> <span class='ocrx_word' id='word_1_110' title='bbox 656 2011 725 2077; x_wconf 90' lang='lat' dir='ltr'>sint,</span> <span class='ocrx_word' id='word_1_111' title='bbox 747 2026 848 2082; x_wconf 87' lang='lat' dir='ltr'>parum</span> <span class='ocrx_word' id='word_1_112' title='bbox 868 2009 965 2079; x_wconf 87' lang='lat' dir='ltr'>liquet.</span> 
     </span>
     <span class='ocr_line' id='line_1_20' title="bbox 193 2095 968 2173; baseline -0.009 -17"><span class='ocrx_word' id='word_1_113' title='bbox 193 2104 366 2173; x_wconf 85' lang='lat' dir='ltr'>Quamquam</span> <span class='ocrx_word' id='word_1_114' title='bbox 375 2102 477 2154; x_wconf 90' lang='lat' dir='ltr'>horum</span> <span class='ocrx_word' id='word_1_115' title='bbox 489 2096 707 2172; x_wconf 87' lang='lat' dir='ltr'>quoquestudiis</span> <span class='ocrx_word' id='word_1_116' title='bbox 714 2095 823 2149; x_wconf 88' lang='lat' dir='ltr'>turbata</span> <span class='ocrx_word' id='word_1_117' title='bbox 832 2095 968 2149; x_wconf 90' lang='lat' dir='ltr'>nonnulla</span> 
     </span>
     <span class='ocr_line' id='line_1_21' title="bbox 194 2181 969 2254; baseline -0.009 -13"><span class='ocrx_word' id='word_1_118' title='bbox 194 2195 261 2241; x_wconf 84' lang='lat' dir='ltr'>esse</span> <span class='ocrx_word' id='word_1_119' title='bbox 273 2186 347 2241; x_wconf 91' lang='lat' dir='ltr'>haud</span> <span class='ocrx_word' id='word_1_120' title='bbox 368 2186 486 2240; x_wconf 88' lang='lat' dir='ltr'>obscure</span> <span class='ocrx_word' id='word_1_121' title='bbox 508 2183 633 2239; x_wconf 86' lang='lat' dir='ltr'>indicant</span> <span class='ocrx_word' id='word_1_122' title='bbox 646 2183 766 2236; x_wconf 81' lang='lat' dir='ltr'>rationes</span> <span class='ocrx_word' id='word_1_123' title='bbox 780 2181 969 2254; x_wconf 83' lang='lat' dir='ltr'>dynastiamm</span> 
     </span>
     <span class='ocr_line' id='line_1_22' title="bbox 193 2267 967 2343; baseline -0.009 -15"><span class='ocrx_word' id='word_1_124' title='bbox 193 2275 289 2328; x_wconf 84' lang='lat' dir='ltr'>XVIII</span> <span class='ocrx_word' id='word_1_125' title='bbox 297 2283 324 2328; x_wconf 89' lang='lat' dir='ltr'>et</span> <span class='ocrx_word' id='word_1_126' title='bbox 332 2273 414 2340; x_wconf 79' lang='lat' dir='ltr'>XIX,</span> <span class='ocrx_word' id='word_1_127' title='bbox 426 2273 455 2324; x_wconf 93' lang='lat' dir='ltr'>in</span> <span class='ocrx_word' id='word_1_128' title='bbox 465 2271 566 2343; x_wconf 89' lang='lat' dir='ltr'>quibus</span> <span class='ocrx_word' id='word_1_129' title='bbox 575 2273 716 2324; x_wconf 78' lang='lat' dir='ltr'>Ramesses</span> <span class='ocrx_word' id='word_1_130' title='bbox 723 2279 751 2322; x_wconf 89' lang='lat' dir='ltr'>et</span> <span class='ocrx_word' id='word_1_131' title='bbox 758 2269 873 2322; x_wconf 82' lang='lat' dir='ltr'>Armais</span> <span class='ocrx_word' id='word_1_132' title='bbox 882 2267 967 2322; x_wconf 91' lang='lat' dir='ltr'>iidem</span> 
     </span>
     <span class='ocr_line' id='line_1_23' title="bbox 195 2355 968 2432; baseline -0.008 -18"><span class='ocrx_word' id='word_1_133' title='bbox 195 2377 250 2414; x_wconf 88' lang='lat' dir='ltr'>esse</span> <span class='ocrx_word' id='word_1_134' title='bbox 270 2379 334 2413; x_wconf 89' lang='lat' dir='ltr'>cum</span> <span class='ocrx_word' id='word_1_135' title='bbox 349 2363 469 2432; x_wconf 69' lang='lat' dir='ltr'>AEgppto</span> <span class='ocrx_word' id='word_1_136' title='bbox 483 2368 511 2412; x_wconf 90' lang='lat' dir='ltr'>et</span> <span class='ocrx_word' id='word_1_137' title='bbox 528 2359 627 2410; x_wconf 83' lang='lat' dir='ltr'>Danao</span> <span class='ocrx_word' id='word_1_138' title='bbox 639 2355 818 2428; x_wconf 88' lang='lat' dir='ltr'>putabantur.</span> <span class='ocrx_word' id='word_1_139' title='bbox 829 2355 968 2408; x_wconf 85' lang='lat' dir='ltr'>Nimirum</span> 
     </span>
     <span class='ocr_line' id='line_1_24' title="bbox 195 2440 968 2513; baseline -0.012 -13"><span class='ocrx_word' id='word_1_140' title='bbox 195 2449 335 2500; x_wconf 84' lang='lat' dir='ltr'>Ramesses</span> <span class='ocrx_word' id='word_1_141' title='bbox 347 2447 376 2499; x_wconf 93' lang='lat' dir='ltr'>in</span> <span class='ocrx_word' id='word_1_142' title='bbox 391 2445 492 2499; x_wconf 90' lang='lat' dir='ltr'>nostris</span> <span class='ocrx_word' id='word_1_143' title='bbox 502 2444 641 2497; x_wconf 87' lang='lat' dir='ltr'>laterculis</span> <span class='ocrx_word' id='word_1_144' title='bbox 652 2442 749 2495; x_wconf 82' lang='lat' dir='ltr'>tes-vel</span> <span class='ocrx_word' id='word_1_145' title='bbox 763 2451 861 2513; x_wconf 84' lang='lat' dir='ltr'>quater</span> <span class='ocrx_word' id='word_1_146' title='bbox 876 2440 968 2512; x_wconf 85' lang='lat' dir='ltr'>poni-</span> 
     </span>
     <span class='ocr_line' id='line_1_25' title="bbox 195 2528 969 2606; baseline -0.005 -20"><span class='ocrx_word' id='word_1_147' title='bbox 195 2543 251 2606; x_wconf 84' lang='lat' dir='ltr'>tur,</span> <span class='ocrx_word' id='word_1_148' title='bbox 267 2551 353 2605; x_wconf 93' lang='lat' dir='ltr'>quum</span> <span class='ocrx_word' id='word_1_149' title='bbox 368 2533 451 2587; x_wconf 89' lang='lat' dir='ltr'>semel</span> <span class='ocrx_word' id='word_1_150' title='bbox 465 2540 533 2586; x_wconf 81' lang='lat' dir='ltr'>esset</span> <span class='ocrx_word' id='word_1_151' title='bbox 545 2529 700 2602; x_wconf 80' lang='lat' dir='ltr'>ponendus</span> <span class='ocrx_word' id='word_1_152' title='bbox 714 2531 870 2599; x_wconf 80' lang='lat' dir='ltr'>Antequam</span> <span class='ocrx_word' id='word_1_153' title='bbox 883 2528 969 2600; x_wconf 80' lang='lat' dir='ltr'>igitur</span> 
     </span>
     <span class='ocr_line' id='line_1_26' title="bbox 195 2614 968 2693; baseline -0.009 -19"><span class='ocrx_word' id='word_1_154' title='bbox 195 2620 317 2690; x_wconf 88' lang='lat' dir='ltr'>ejusdem</span> <span class='ocrx_word' id='word_1_155' title='bbox 330 2621 401 2693; x_wconf 88' lang='lat' dir='ltr'>regis</span> <span class='ocrx_word' id='word_1_156' title='bbox 412 2619 517 2673; x_wconf 88' lang='lat' dir='ltr'>mentio</span> <span class='ocrx_word' id='word_1_157' title='bbox 529 2619 567 2672; x_wconf 90' lang='lat' dir='ltr'>sic</span> <span class='ocrx_word' id='word_1_158' title='bbox 579 2625 761 2689; x_wconf 78' lang='lat' dir='ltr'>repeteretur,</span> <span class='ocrx_word' id='word_1_159' title='bbox 771 2615 816 2668; x_wconf 91' lang='lat' dir='ltr'>alii</span> <span class='ocrx_word' id='word_1_160' title='bbox 829 2614 911 2668; x_wconf 70' lang='lat' dir='ltr'>suine</span> <span class='ocrx_word' id='word_1_161' title='bbox 924 2615 968 2667; x_wconf 85' lang='lat' dir='ltr'>vi-</span> 
     </span>
     <span class='ocr_line' id='line_1_27' title="bbox 195 2703 968 2780; baseline -0.006 -19"><span class='ocrx_word' id='word_1_162' title='bbox 195 2707 306 2773; x_wconf 89' lang='lat' dir='ltr'>dentur,</span> <span class='ocrx_word' id='word_1_163' title='bbox 321 2708 368 2778; x_wconf 89' lang='lat' dir='ltr'>qui</span> <span class='ocrx_word' id='word_1_164' title='bbox 378 2707 466 2780; x_wconf 66' lang='lat' dir='ltr'>semel</span> <span class='ocrx_word' id='word_1_165' title='bbox 479 2715 601 2770; x_wconf 89' lang='lat' dir='ltr'>tantum,</span> <span class='ocrx_word' id='word_1_166' title='bbox 615 2703 664 2758; x_wconf 87' lang='lat' dir='ltr'>sed</span> <span class='ocrx_word' id='word_1_167' title='bbox 675 2704 721 2758; x_wconf 89' lang='lat' dir='ltr'>alii</span> <span class='ocrx_word' id='word_1_168' title='bbox 731 2703 786 2756; x_wconf 89' lang='lat' dir='ltr'>alio</span> <span class='ocrx_word' id='word_1_169' title='bbox 799 2703 863 2756; x_wconf 91' lang='lat' dir='ltr'>Ioco</span> <span class='ocrx_word' id='word_1_170' title='bbox 873 2719 968 2775; x_wconf 81' lang='lat' dir='ltr'>regem</span> 
     </span>
     <span class='ocr_line' id='line_1_28' title="bbox 197 2790 969 2866; baseline -0.001 -20"><span class='ocrx_word' id='word_1_171' title='bbox 197 2804 433 2866; x_wconf 83' lang='lat' dir='ltr'>commemorent,</span> <span class='ocrx_word' id='word_1_172' title='bbox 448 2793 544 2866; x_wconf 88' lang='lat' dir='ltr'>prouti</span> <span class='ocrx_word' id='word_1_173' title='bbox 559 2791 598 2845; x_wconf 82' lang='lat' dir='ltr'>de</span> <span class='ocrx_word' id='word_1_174' title='bbox 612 2791 780 2864; x_wconf 78' lang='lat' dir='ltr'>Argivorum</span> <span class='ocrx_word' id='word_1_175' title='bbox 797 2790 969 2862; x_wconf 83' lang='lat' dir='ltr'>temporibus</span> 
     </span>
     <span class='ocr_line' id='line_1_29' title="bbox 196 2880 469 2952; baseline 0.011 -18"><span class='ocrx_word' id='word_1_176' title='bbox 196 2880 311 2952; x_wconf 84' lang='lat' dir='ltr'>quisque</span> <span class='ocrx_word' id='word_1_177' title='bbox 323 2880 469 2937; x_wconf 86' lang='lat' dir='ltr'>statuebat.</span> 
     </span>
    </p>

    <p class='ocr_par' dir='ltr' id='par_1_6' title="bbox 195 2964 969 3125">
     <span class='ocr_line' id='line_1_30' title="bbox 235 2964 969 3036; baseline -0.003 -15"><span class='ocrx_word' id='word_1_178' title='bbox 235 2970 374 3022; x_wconf 83' lang='lat' dir='ltr'>Hactenus</span> <span class='ocrx_word' id='word_1_179' title='bbox 394 2966 430 3020; x_wconf 90' lang='lat' dir='ltr'>de</span> <span class='ocrx_word' id='word_1_180' title='bbox 447 2966 570 3020; x_wconf 88' lang='lat' dir='ltr'>fontibus</span> <span class='ocrx_word' id='word_1_181' title='bbox 583 2983 617 3019; x_wconf 88' lang='lat' dir='ltr'>ex</span> <span class='ocrx_word' id='word_1_182' title='bbox 637 2965 737 3036; x_wconf 88' lang='lat' dir='ltr'>quibus</span> <span class='ocrx_word' id='word_1_183' title='bbox 755 2964 969 3020; x_wconf 87' lang='lat' dir='ltr'>Manethoniana</span> 
     </span>
     <span class='ocr_line' id='line_1_31' title="bbox 195 3051 968 3125; baseline 0 -17"><span class='ocrx_word' id='word_1_184' title='bbox 195 3065 289 3108; x_wconf 88' lang='lat' dir='ltr'>nostra</span> <span class='ocrx_word' id='word_1_185' title='bbox 305 3063 517 3125; x_wconf 86' lang='lat' dir='ltr'>promanarunt.</span> <span class='ocrx_word' id='word_1_186' title='bbox 529 3052 599 3106; x_wconf 88' lang='lat' dir='ltr'>Inde</span> <span class='ocrx_word' id='word_1_187' title='bbox 613 3052 648 3106; x_wconf 91' lang='lat' dir='ltr'>ab</span> <span class='ocrx_word' id='word_1_188' title='bbox 664 3051 784 3106; x_wconf 87' lang='lat' dir='ltr'>Eusebio</span> <span class='ocrx_word' id='word_1_189' title='bbox 802 3069 897 3106; x_wconf 91' lang='lat' dir='ltr'>omnes</span> <span class='ocrx_word' id='word_1_190' title='bbox 908 3063 968 3108; x_wconf 87' lang='lat' dir='ltr'>tur·</span> 
     </span>
    </p>
   </div>
   <div class='ocr_carea' id='block_1_3' title="bbox 195 3139 969 3292">
    <p class='ocr_par' dir='ltr' id='par_1_7' title="bbox 195 3139 969 3292">
     <span class='ocr_line' id='line_1_32' title="bbox 195 3139 969 3211; baseline -0.001 -17"><span class='ocrx_word' id='word_1_191' title='bbox 195 3141 277 3194; x_wconf 91' lang='lat' dir='ltr'>bidos</span> <span class='ocrx_word' id='word_1_192' title='bbox 295 3159 351 3194; x_wconf 91' lang='lat' dir='ltr'>esse</span> <span class='ocrx_word' id='word_1_193' title='bbox 369 3140 414 3193; x_wconf 80' lang='lat' dir='ltr'>vel</span> <span class='ocrx_word' id='word_1_194' title='bbox 434 3158 468 3193; x_wconf 82' lang='lat' dir='ltr'>ex</span> <span class='ocrx_word' id='word_1_195' title='bbox 483 3139 580 3211; x_wconf 88' lang='lat' dir='ltr'>paucis</span> <span class='ocrx_word' id='word_1_196' title='bbox 596 3156 656 3209; x_wconf 90' lang='lat' dir='ltr'>quae</span> <span class='ocrx_word' id='word_1_197' title='bbox 669 3139 814 3209; x_wconf 87' lang='lat' dir='ltr'>hucusque</span> <span class='ocrx_word' id='word_1_198' title='bbox 828 3140 969 3193; x_wconf 84' lang='lat' dir='ltr'>attulimus</span> 
     </span>
     <span class='ocr_line' id='line_1_33' title="bbox 196 3215 969 3292; baseline -0.003 -20"><span class='ocrx_word' id='word_1_199' title='bbox 196 3219 347 3292; x_wconf 84' lang='lat' dir='ltr'>colligitur.</span> <span class='ocrx_word' id='word_1_200' title='bbox 363 3217 454 3284; x_wconf 83' lang='lat' dir='ltr'>Quare</span> <span class='ocrx_word' id='word_1_201' title='bbox 467 3235 528 3289; x_wconf 88' lang='lat' dir='ltr'>spes</span> <span class='ocrx_word' id='word_1_202' title='bbox 540 3216 763 3270; x_wconf 79' lang='lat' dir='ltr'>Illanethonianae</span> <span class='ocrx_word' id='word_1_203' title='bbox 778 3215 969 3290; x_wconf 82' lang='lat' dir='ltr'>chronologiae</span> 
     </span>
    </p>
   </div>
   <div class='ocr_carea' id='block_1_4' title="bbox 175 3303 970 4243">
    <p class='ocr_par' dir='ltr' id='par_1_8' title="bbox 175 3303 970 4243">
     <span class='ocr_line' id='line_1_34' title="bbox 198 3303 968 3376; baseline -0.001 -16"><span class='ocrx_word' id='word_1_204' title='bbox 198 3304 372 3360; x_wconf 79' lang='lat' dir='ltr'>restituendae</span> <span class='ocrx_word' id='word_1_205' title='bbox 382 3305 411 3356; x_wconf 91' lang='lat' dir='ltr'>in</span> <span class='ocrx_word' id='word_1_206' title='bbox 421 3322 479 3357; x_wconf 89' lang='lat' dir='ltr'>uno</span> <span class='ocrx_word' id='word_1_207' title='bbox 489 3305 578 3376; x_wconf 85' lang='lat' dir='ltr'>posita</span> <span class='ocrx_word' id='word_1_208' title='bbox 589 3313 629 3356; x_wconf 91' lang='lat' dir='ltr'>est</span> <span class='ocrx_word' id='word_1_209' title='bbox 640 3303 763 3356; x_wconf 80' lang='lat' dir='ltr'>Africani</span> <span class='ocrx_word' id='word_1_210' title='bbox 772 3303 916 3358; x_wconf 90' lang='lat' dir='ltr'>laterculo.</span> <span class='ocrx_word' id='word_1_211' title='bbox 925 3307 968 3359; x_wconf 89' lang='lat' dir='ltr'>De</span> 
     </span>
     <span class='ocr_line' id='line_1_35' title="bbox 197 3388 969 3463; baseline -0.001 -17"><span class='ocrx_word' id='word_1_212' title='bbox 197 3411 232 3447; x_wconf 85' lang='lat' dir='ltr'>eo</span> <span class='ocrx_word' id='word_1_213' title='bbox 243 3392 299 3461; x_wconf 90' lang='lat' dir='ltr'>jam</span> <span class='ocrx_word' id='word_1_214' title='bbox 311 3392 407 3463; x_wconf 89' lang='lat' dir='ltr'>paullo</span> <span class='ocrx_word' id='word_1_215' title='bbox 422 3391 576 3445; x_wconf 88' lang='lat' dir='ltr'>accuratius</span> <span class='ocrx_word' id='word_1_216' title='bbox 590 3388 741 3442; x_wconf 89' lang='lat' dir='ltr'>dicendum</span> <span class='ocrx_word' id='word_1_217' title='bbox 757 3401 807 3444; x_wconf 89' lang='lat' dir='ltr'>est.</span> <span class='ocrx_word' id='word_1_218' title='bbox 823 3388 969 3445; x_wconf 81' lang='lat' dir='ltr'>Africanus</span> 
     </span>
     <span class='ocr_line' id='line_1_36' title="bbox 197 3475 967 3554; baseline -0.003 -20"><span class='ocrx_word' id='word_1_219' title='bbox 197 3475 967 3554; x_wconf 75' lang='lat' dir='ltr'>igiturprirnumexhibetinplurimiscertedynastiisan·</span> 
     </span>
     <span class='ocr_line' id='line_1_37' title="bbox 196 3562 968 3640; baseline 0 -20"><span class='ocrx_word' id='word_1_220' title='bbox 196 3584 261 3634; x_wconf 89' lang='lat' dir='ltr'>nos,</span> <span class='ocrx_word' id='word_1_221' title='bbox 275 3565 376 3637; x_wconf 89' lang='lat' dir='ltr'>quibus</span> <span class='ocrx_word' id='word_1_222' title='bbox 389 3582 467 3640; x_wconf 73' lang='lat' dir='ltr'>reges</span> <span class='ocrx_word' id='word_1_223' title='bbox 480 3564 581 3636; x_wconf 80' lang='lat' dir='ltr'>singuli</span> <span class='ocrx_word' id='word_1_224' title='bbox 593 3575 760 3636; x_wconf 83' lang='lat' dir='ltr'>regnarunt;</span> <span class='ocrx_word' id='word_1_225' title='bbox 779 3562 881 3619; x_wconf 89' lang='lat' dir='ltr'>deinde</span> <span class='ocrx_word' id='word_1_226' title='bbox 891 3583 968 3620; x_wconf 86' lang='lat' dir='ltr'>sum-</span> 
     </span>
     <span class='ocr_line' id='line_1_38' title="bbox 175 3649 968 3722; baseline -0.001 -15"><span class='ocrx_word' id='word_1_227' title='bbox 175 3667 270 3708; x_wconf 81' lang='lat' dir='ltr'>·mam</span> <span class='ocrx_word' id='word_1_228' title='bbox 282 3669 420 3706; x_wconf 89' lang='lat' dir='ltr'>annorum</span> <span class='ocrx_word' id='word_1_229' title='bbox 438 3653 466 3704; x_wconf 94' lang='lat' dir='ltr'>in</span> <span class='ocrx_word' id='word_1_230' title='bbox 481 3669 592 3722; x_wconf 87' lang='lat' dir='ltr'>quaque</span> <span class='ocrx_word' id='word_1_231' title='bbox 612 3649 741 3722; x_wconf 82' lang='lat' dir='ltr'>dynastIa</span> <span class='ocrx_word' id='word_1_232' title='bbox 752 3652 968 3721; x_wconf 89' lang='lat' dir='ltr'>recensitorum,</span> 
     </span>
     <span class='ocr_line' id='line_1_39' title="bbox 197 3737 967 3813; baseline 0 -19"><span class='ocrx_word' id='word_1_233' title='bbox 197 3741 319 3813; x_wconf 90' lang='lat' dir='ltr'>denique</span> <span class='ocrx_word' id='word_1_234' title='bbox 325 3757 460 3794; x_wconf 89' lang='lat' dir='ltr'>summam</span> <span class='ocrx_word' id='word_1_235' title='bbox 473 3755 621 3803; x_wconf 86' lang='lat' dir='ltr'>annorum,</span> <span class='ocrx_word' id='word_1_236' title='bbox 635 3753 696 3807; x_wconf 75' lang='lat' dir='ltr'>qua</span> <span class='ocrx_word' id='word_1_237' title='bbox 704 3754 738 3790; x_wconf 88' lang='lat' dir='ltr'>ex</span> <span class='ocrx_word' id='word_1_238' title='bbox 749 3737 863 3810; x_wconf 83' lang='lat' dir='ltr'>singulis</span> <span class='ocrx_word' id='word_1_239' title='bbox 874 3741 967 3794; x_wconf 88' lang='lat' dir='ltr'>Mane·</span> 
     </span>
     <span class='ocr_line' id='line_1_40' title="bbox 199 3822 970 3900; baseline -0.001 -20"><span class='ocrx_word' id='word_1_240' title='bbox 199 3825 533 3898; x_wconf 82' lang='lat' dir='ltr'>thonislibriscolligitur.</span> <span class='ocrx_word' id='word_1_241' title='bbox 546 3826 582 3877; x_wconf 80' lang='lat' dir='ltr'>At</span> <span class='ocrx_word' id='word_1_242' title='bbox 596 3823 714 3875; x_wconf 89' lang='lat' dir='ltr'>multum</span> <span class='ocrx_word' id='word_1_243' title='bbox 726 3822 803 3877; x_wconf 89' lang='lat' dir='ltr'>abest</span> <span class='ocrx_word' id='word_1_244' title='bbox 811 3835 841 3877; x_wconf 94' lang='lat' dir='ltr'>ut</span> <span class='ocrx_word' id='word_1_245' title='bbox 853 3843 970 3900; x_wconf 88' lang='lat' dir='ltr'>compu-</span> 
     </span>
     <span class='ocr_line' id='line_1_41' title="bbox 200 3910 968 3983; baseline 0.001 -17"><span class='ocrx_word' id='word_1_246' title='bbox 200 3924 225 3968; x_wconf 89' lang='lat' dir='ltr'>tu</span> <span class='ocrx_word' id='word_1_247' title='bbox 236 3915 293 3968; x_wconf 86' lang='lat' dir='ltr'>haec</span> <span class='ocrx_word' id='word_1_248' title='bbox 300 3917 403 3967; x_wconf 80' lang='lat' dir='ltr'>interae</span> <span class='ocrx_word' id='word_1_249' title='bbox 409 3912 567 3965; x_wconf 83' lang='lat' dir='ltr'>concinant.</span> <span class='ocrx_word' id='word_1_250' title='bbox 578 3910 729 3981; x_wconf 87' lang='lat' dir='ltr'>thuinam</span> <span class='ocrx_word' id='word_1_251' title='bbox 735 3913 843 3964; x_wconf 89' lang='lat' dir='ltr'>numeri</span> <span class='ocrx_word' id='word_1_252' title='bbox 848 3930 968 3983; x_wconf 91' lang='lat' dir='ltr'>procor-</span> 
     </span>
     <span class='ocr_line' id='line_1_42' title="bbox 199 3996 969 4072; baseline 0.004 -20"><span class='ocrx_word' id='word_1_253' title='bbox 199 4002 288 4072; x_wconf 88' lang='lat' dir='ltr'>ruptis</span> <span class='ocrx_word' id='word_1_254' title='bbox 306 3999 465 4071; x_wconf 85' lang='lat' dir='ltr'>rejiciendi,</span> <span class='ocrx_word' id='word_1_255' title='bbox 479 3999 592 4069; x_wconf 88' lang='lat' dir='ltr'>quinam</span> <span class='ocrx_word' id='word_1_256' title='bbox 609 3996 750 4068; x_wconf 86' lang='lat' dir='ltr'>probandi</span> <span class='ocrx_word' id='word_1_257' title='bbox 762 3999 826 4066; x_wconf 89' lang='lat' dir='ltr'>sint,</span> <span class='ocrx_word' id='word_1_258' title='bbox 841 4001 969 4072; x_wconf 92' lang='lat' dir='ltr'>utpluri-</span> 
     </span>
     <span class='ocr_line' id='line_1_43' title="bbox 197 4084 970 4159; baseline 0 -17"><span class='ocrx_word' id='word_1_259' title='bbox 197 4107 275 4142; x_wconf 91' lang='lat' dir='ltr'>mum</span> <span class='ocrx_word' id='word_1_260' title='bbox 292 4087 368 4142; x_wconf 92' lang='lat' dir='ltr'>dictu</span> <span class='ocrx_word' id='word_1_261' title='bbox 383 4084 578 4141; x_wconf 79' lang='lat' dir='ltr'>difficillimum</span> <span class='ocrx_word' id='word_1_262' title='bbox 597 4095 652 4152; x_wconf 86' lang='lat' dir='ltr'>est;</span> <span class='ocrx_word' id='word_1_263' title='bbox 670 4102 830 4156; x_wconf 89' lang='lat' dir='ltr'>quanquam</span> <span class='ocrx_word' id='word_1_264' title='bbox 849 4097 926 4159; x_wconf 87' lang='lat' dir='ltr'>patet</span> <span class='ocrx_word' id='word_1_265' title='bbox 939 4091 970 4142; x_wconf 90' lang='lat' dir='ltr'>in</span> 
     </span>
     <span class='ocr_line' id='line_1_44' title="bbox 197 4170 967 4243; baseline 0 -15"><span class='ocrx_word' id='word_1_266' title='bbox 197 4176 356 4229; x_wconf 89' lang='lat' dir='ltr'>universum</span> <span class='ocrx_word' id='word_1_267' title='bbox 365 4173 477 4243; x_wconf 87' lang='lat' dir='ltr'>majoris</span> <span class='ocrx_word' id='word_1_268' title='bbox 486 4170 624 4225; x_wconf 84' lang='lat' dir='ltr'>faciendas</span> <span class='ocrx_word' id='word_1_269' title='bbox 631 4189 687 4224; x_wconf 88' lang='lat' dir='ltr'>esse</span> <span class='ocrx_word' id='word_1_270' title='bbox 694 4189 813 4226; x_wconf 88' lang='lat' dir='ltr'>summas</span> <span class='ocrx_word' id='word_1_271' title='bbox 820 4191 967 4242; x_wconf 90' lang='lat' dir='ltr'>annorum,</span> 
     </span>
    </p>
   </div>
   <div class='ocr_carea' id='block_1_5' title="bbox 112 4257 967 4332">
    <p class='ocr_par' dir='ltr' id='par_1_9' title="bbox 112 4257 967 4332">
     <span class='ocr_line' id='line_1_45' title="bbox 112 4257 967 4332; baseline 0 -18"><span class='ocrx_word' id='word_1_272' title='bbox 112 4257 115 4270; x_wconf 86' lang='lat'>&#39;</span> <span class='ocrx_word' id='word_1_273' title='bbox 199 4279 266 4332; x_wconf 89' lang='lat' dir='ltr'>quas</span> <span class='ocrx_word' id='word_1_274' title='bbox 286 4260 321 4314; x_wconf 91' lang='lat' dir='ltr'>ad</span> <span class='ocrx_word' id='word_1_275' title='bbox 345 4258 429 4313; x_wconf 85' lang='lat' dir='ltr'>linem</span> <span class='ocrx_word' id='word_1_276' title='bbox 452 4258 642 4330; x_wconf 82' lang='lat' dir='ltr'>dynastiamm</span> <span class='ocrx_word' id='word_1_277' title='bbox 666 4268 774 4312; x_wconf 89' lang='lat' dir='ltr'>notatas</span> <span class='ocrx_word' id='word_1_278' title='bbox 798 4261 967 4332; x_wconf 87' lang='lat' dir='ltr'>accepimus,</span> 
     </span>
    </p>
   </div>
   <div class='ocr_carea' id='block_1_6' title="bbox 198 4343 972 5200">
    <p class='ocr_par' dir='ltr' id='par_1_10' title="bbox 198 4343 972 5200">
     <span class='ocr_line' id='line_1_46' title="bbox 199 4343 969 4420; baseline -0.001 -18"><span class='ocrx_word' id='word_1_279' title='bbox 199 4367 282 4420; x_wconf 88' lang='lat' dir='ltr'>quarn</span> <span class='ocrx_word' id='word_1_280' title='bbox 301 4348 374 4412; x_wconf 86' lang='lat' dir='ltr'>illas,</span> <span class='ocrx_word' id='word_1_281' title='bbox 386 4365 447 4418; x_wconf 77' lang='lat' dir='ltr'>quae</span> <span class='ocrx_word' id='word_1_282' title='bbox 458 4364 474 4399; x_wconf 88' lang='lat' dir='ltr'>a</span> <span class='ocrx_word' id='word_1_283' title='bbox 486 4344 568 4399; x_wconf 88' lang='lat' dir='ltr'>nobis</span> <span class='ocrx_word' id='word_1_284' title='bbox 579 4343 636 4414; x_wconf 79' lang='lat' dir='ltr'>jain</span> <span class='ocrx_word' id='word_1_285' title='bbox 648 4363 663 4398; x_wconf 88' lang='lat' dir='ltr'>c</span> <span class='ocrx_word' id='word_1_286' title='bbox 677 4345 790 4417; x_wconf 86' lang='lat' dir='ltr'>singulis</span> <span class='ocrx_word' id='word_1_287' title='bbox 801 4349 892 4419; x_wconf 81' lang='lat' dir='ltr'>regnis</span> <span class='ocrx_word' id='word_1_288' title='bbox 901 4367 969 4420; x_wconf 90' lang='lat' dir='ltr'>sup-</span> 
     </span>
     <span class='ocr_line' id='line_1_47' title="bbox 198 4430 969 4506; baseline 0.003 -20"><span class='ocrx_word' id='word_1_289' title='bbox 198 4445 343 4506; x_wconf 89' lang='lat' dir='ltr'>putantur.</span> <span class='ocrx_word' id='word_1_290' title='bbox 355 4431 542 4498; x_wconf 86' lang='lat' dir='ltr'>Quaerendum</span> <span class='ocrx_word' id='word_1_291' title='bbox 552 4430 858 4504; x_wconf 85' lang='lat' dir='ltr'>igitnradminiculum,</span> <span class='ocrx_word' id='word_1_292' title='bbox 872 4436 915 4488; x_wconf 91' lang='lat' dir='ltr'>cui</span> <span class='ocrx_word' id='word_1_293' title='bbox 927 4437 969 4489; x_wconf 92' lang='lat' dir='ltr'>in·</span> 
     </span>
     <span class='ocr_line' id='line_1_48' title="bbox 199 4517 969 4592; baseline 0.003 -19"><span class='ocrx_word' id='word_1_294' title='bbox 199 4521 263 4587; x_wconf 93' lang='lat' dir='ltr'>niti,</span> <span class='ocrx_word' id='word_1_295' title='bbox 276 4520 318 4572; x_wconf 83' lang='lat' dir='ltr'>vel</span> <span class='ocrx_word' id='word_1_296' title='bbox 330 4535 428 4572; x_wconf 90' lang='lat' dir='ltr'>norma</span> <span class='ocrx_word' id='word_1_297' title='bbox 447 4517 589 4589; x_wconf 90' lang='lat' dir='ltr'>quaedam,</span> <span class='ocrx_word' id='word_1_298' title='bbox 609 4517 645 4572; x_wconf 89' lang='lat' dir='ltr'>ad</span> <span class='ocrx_word' id='word_1_299' title='bbox 658 4536 741 4589; x_wconf 89' lang='lat' dir='ltr'>quam</span> <span class='ocrx_word' id='word_1_300' title='bbox 757 4519 877 4592; x_wconf 84' lang='lat' dir='ltr'>dirigere</span> <span class='ocrx_word' id='word_1_301' title='bbox 889 4539 969 4574; x_wconf 91' lang='lat' dir='ltr'>com-</span> 
     </span>
     <span class='ocr_line' id='line_1_49' title="bbox 199 4605 970 4678; baseline 0.004 -19"><span class='ocrx_word' id='word_1_302' title='bbox 199 4605 506 4678; x_wconf 88' lang='lat' dir='ltr'>putationespossimus.</span> <span class='ocrx_word' id='word_1_303' title='bbox 515 4605 827 4675; x_wconf 86' lang='lat' dir='ltr'>Circumspicientivero</span> <span class='ocrx_word' id='word_1_304' title='bbox 834 4605 970 4674; x_wconf 88' lang='lat' dir='ltr'>ejusmodi</span> 
     </span>
     <span class='ocr_line' id='line_1_50' title="bbox 198 4691 969 4762; baseline 0.006 -16"><span class='ocrx_word' id='word_1_305' title='bbox 198 4691 354 4746; x_wconf 85' lang='lat' dir='ltr'>machinam</span> <span class='ocrx_word' id='word_1_306' title='bbox 374 4701 473 4762; x_wconf 88' lang='lat' dir='ltr'>sponte</span> <span class='ocrx_word' id='word_1_307' title='bbox 494 4709 550 4745; x_wconf 88' lang='lat' dir='ltr'>sese</span> <span class='ocrx_word' id='word_1_308' title='bbox 577 4691 659 4744; x_wconf 84' lang='lat' dir='ltr'>offert</span> <span class='ocrx_word' id='word_1_309' title='bbox 678 4691 812 4762; x_wconf 88' lang='lat' dir='ltr'>periodus</span> <span class='ocrx_word' id='word_1_310' title='bbox 831 4693 969 4752; x_wconf 90' lang='lat' dir='ltr'>Sothiaca.</span> 
     </span>
     <span class='ocr_line' id='line_1_51' title="bbox 199 4777 972 4850; baseline 0.001 -17"><span class='ocrx_word' id='word_1_311' title='bbox 199 4780 285 4833; x_wconf 90' lang='lat' dir='ltr'>Usum</span> <span class='ocrx_word' id='word_1_312' title='bbox 303 4795 337 4831; x_wconf 92' lang='lat' dir='ltr'>eo</span> <span class='ocrx_word' id='word_1_313' title='bbox 354 4793 411 4830; x_wconf 88' lang='lat' dir='ltr'>esse</span> <span class='ocrx_word' id='word_1_314' title='bbox 430 4777 535 4831; x_wconf 88' lang='lat' dir='ltr'>Veteris</span> <span class='ocrx_word' id='word_1_315' title='bbox 551 4777 682 4831; x_wconf 89' lang='lat' dir='ltr'>Chronici</span> <span class='ocrx_word' id='word_1_316' title='bbox 697 4785 836 4829; x_wconf 86' lang='lat' dir='ltr'>auctorem</span> <span class='ocrx_word' id='word_1_317' title='bbox 852 4791 972 4850; x_wconf 80' lang='lat' dir='ltr'>constat3</span> 
     </span>
     <span class='ocr_line' id='line_1_52' title="bbox 199 4863 971 4940; baseline 0.001 -21"><span class='ocrx_word' id='word_1_318' title='bbox 199 4883 287 4938; x_wconf 90' lang='lat' dir='ltr'>porro</span> <span class='ocrx_word' id='word_1_319' title='bbox 303 4865 384 4919; x_wconf 91' lang='lat' dir='ltr'>ctiam</span> <span class='ocrx_word' id='word_1_320' title='bbox 395 4864 512 4919; x_wconf 91' lang='lat' dir='ltr'>Sotheos</span> <span class='ocrx_word' id='word_1_321' title='bbox 521 4863 583 4916; x_wconf 93' lang='lat' dir='ltr'>libri</span> <span class='ocrx_word' id='word_1_322' title='bbox 597 4873 739 4917; x_wconf 89' lang='lat' dir='ltr'>auctorem</span> <span class='ocrx_word' id='word_1_323' title='bbox 752 4864 779 4915; x_wconf 93' lang='lat' dir='ltr'>in</span> <span class='ocrx_word' id='word_1_324' title='bbox 793 4865 971 4940; x_wconf 86' lang='lat' dir='ltr'>chronologi-</span> 
     </span>
     <span class='ocr_line' id='line_1_53' title="bbox 200 4948 971 5022; baseline -0.001 -15"><span class='ocrx_word' id='word_1_325' title='bbox 200 4955 238 5007; x_wconf 89' lang='lat' dir='ltr'>cis</span> <span class='ocrx_word' id='word_1_326' title='bbox 251 4953 306 5006; x_wconf 88' lang='lat' dir='ltr'>suis</span> <span class='ocrx_word' id='word_1_327' title='bbox 320 4950 436 5006; x_wconf 88' lang='lat' dir='ltr'>eandem</span> <span class='ocrx_word' id='word_1_328' title='bbox 454 4949 604 5022; x_wconf 89' lang='lat' dir='ltr'>periodum</span> <span class='ocrx_word' id='word_1_329' title='bbox 624 4948 781 5003; x_wconf 88' lang='lat' dir='ltr'>adhibuisse</span> <span class='ocrx_word' id='word_1_330' title='bbox 798 4953 891 5006; x_wconf 86' lang='lat' dir='ltr'>omnia</span> <span class='ocrx_word' id='word_1_331' title='bbox 912 4954 971 5007; x_wconf 92' lang='lat' dir='ltr'>cla-</span> 
     </span>
     <span class='ocr_line' id='line_1_54' title="bbox 200 5035 971 5109; baseline 0 -17"><span class='ocrx_word' id='word_1_332' title='bbox 200 5049 290 5105; x_wconf 91' lang='lat' dir='ltr'>mant,</span> <span class='ocrx_word' id='word_1_333' title='bbox 311 5048 480 5109; x_wconf 89' lang='lat' dir='ltr'>testaturque</span> <span class='ocrx_word' id='word_1_334' title='bbox 495 5036 646 5107; x_wconf 77' lang='lat' dir='ltr'>Synrrllm,</span> <span class='ocrx_word' id='word_1_335' title='bbox 664 5037 712 5105; x_wconf 91' lang='lat' dir='ltr'>qui</span> <span class='ocrx_word' id='word_1_336' title='bbox 733 5035 761 5086; x_wconf 93' lang='lat' dir='ltr'>in</span> <span class='ocrx_word' id='word_1_337' title='bbox 774 5053 825 5090; x_wconf 92' lang='lat' dir='ltr'>suo</span> <span class='ocrx_word' id='word_1_338' title='bbox 837 5039 971 5092; x_wconf 84' lang='lat' dir='ltr'>laterculo</span> 
     </span>
     <span class='ocr_line' id='line_1_55' title="bbox 203 5119 969 5200; baseline 0.004 -24"><span class='ocrx_word' id='word_1_339' title='bbox 203 5123 249 5198; x_wconf 83' lang='lat' dir='ltr'>[p.</span> <span class='ocrx_word' id='word_1_340' title='bbox 266 5125 335 5199; x_wconf 77' lang='lat'><em>103)</em></span> <span class='ocrx_word' id='word_1_341' title='bbox 352 5125 438 5181; x_wconf 86' lang='lat' dir='ltr'>babet</span> <span class='ocrx_word' id='word_1_342' title='bbox 449 5126 485 5178; x_wconf 90' lang='lat' dir='ltr'>ita</span> <span class='ocrx_word' id='word_1_343' title='bbox 503 5140 510 5179; x_wconf 78' lang='lat' dir='ltr'>t</span> <span class='ocrx_word' id='word_1_344' title='bbox 525 5119 617 5198; x_wconf 83' lang='grc' dir='ltr'>Ἰὀύτῳ</span> <span class='ocrx_word' id='word_1_345' title='bbox 631 5124 668 5200; x_wconf 82' lang='grc' dir='ltr'>τῷ</span> <span class='ocrx_word' id='word_1_346' title='bbox 681 5121 701 5178; x_wconf 86' lang='grc' dir='ltr'>ε’</span> <span class='ocrx_word' id='word_1_347' title='bbox 717 5121 767 5178; x_wconf 82' lang='grc' dir='ltr'>ἔτει</span> <span class='ocrx_word' id='word_1_348' title='bbox 783 5127 828 5179; x_wconf 83' lang='grc' dir='ltr'>τοῦ</span> <span class='ocrx_word' id='word_1_349' title='bbox 842 5121 879 5178; x_wconf 86' lang='grc' dir='ltr'>κε’</span> <span class='ocrx_word' id='word_1_350' title='bbox 895 5126 969 5199; x_wconf 86' lang='grc' dir='ltr'>βασι-</span> 
     </span>
    </p>
   </div>
   <div class='ocr_carea' id='block_1_7' title="bbox 741 401 1243 462">
    <p class='ocr_par' dir='ltr' id='par_1_11' title="bbox 741 401 1243 462">
     <span class='ocr_line' id='line_1_56' title="bbox 741 401 1243 462; baseline -0.002 0"><span class='ocrx_word' id='word_1_351' title='bbox 741 401 986 462; x_wconf 78' lang='lat' dir='ltr'>MANEI&#39;IIONIS</span> <span class='ocrx_word' id='word_1_352' title='bbox 1006 401 1243 462; x_wconf 70' lang='lat' dir='ltr'>sensuam</span> 
     </span>
    </p>
   </div>
   <div class='ocr_carea' id='block_1_8' title="bbox 1005 530 1790 870">
    <p class='ocr_par' dir='ltr' id='par_1_12' title="bbox 1005 530 1790 870">
     <span class='ocr_line' id='line_1_57' title="bbox 1005 530 1790 610; baseline 0.006 -22"><span class='ocrx_word' id='word_1_353' title='bbox 1005 533 1143 596; x_wconf 77' lang='grc' dir='ltr'>λεύσιιντος</span> <span class='ocrx_word' id='word_1_354' title='bbox 1159 530 1315 610; x_wconf 62' lang='grc' dir='ltr'>Κογγᾶριυις</span> <span class='ocrx_word' id='word_1_355' title='bbox 1327 535 1372 602; x_wconf 75' lang='grc' dir='ltr'>τῆς</span> <span class='ocrx_word' id='word_1_356' title='bbox 1386 531 1519 608; x_wconf 72' lang='grc' dir='ltr'>Αἰγύπτου</span> <span class='ocrx_word' id='word_1_357' title='bbox 1539 535 1581 591; x_wconf 72' lang='grc' dir='ltr'>ἐπὶ</span> <span class='ocrx_word' id='word_1_358' title='bbox 1595 539 1641 604; x_wconf 74' lang='grc' dir='ltr'>τῆς</span> <span class='ocrx_word' id='word_1_359' title='bbox 1654 537 1688 601; x_wconf 82' lang='grc' dir='ltr'>ις’</span> <span class='ocrx_word' id='word_1_360' title='bbox 1712 537 1790 594; x_wconf 78' lang='grc' dir='ltr'>δυνα-</span> 
     </span>
     <span class='ocr_line' id='line_1_58' title="bbox 1008 617 1788 702; baseline 0.005 -27"><span class='ocrx_word' id='word_1_361' title='bbox 1008 617 1264 683; x_wconf 61' lang='lat' dir='ltr'>miserescamus</span> <span class='ocrx_word' id='word_1_362' title='bbox 1277 617 1417 693; x_wconf 76' lang='grc' dir='ltr'>λεγομένου</span> <span class='ocrx_word' id='word_1_363' title='bbox 1431 617 1526 676; x_wconf 82' lang='grc' dir='ltr'>κύκλου</span> <span class='ocrx_word' id='word_1_364' title='bbox 1537 619 1610 698; x_wconf 74' lang='grc' dir='ltr'>παρὰ</span> <span class='ocrx_word' id='word_1_365' title='bbox 1618 625 1658 700; x_wconf 78' lang='grc' dir='ltr'>τῷ</span> <span class='ocrx_word' id='word_1_366' title='bbox 1671 624 1788 702; x_wconf 74' lang='grc' dir='ltr'>Μανεθῷ</span> 
     </span>
     <span class='ocr_line' id='line_1_59' title="bbox 1009 702 1790 787; baseline 0.005 -25"><span class='ocrx_word' id='word_1_367' title='bbox 1009 703 1061 762; x_wconf 69' lang='grc' dir='ltr'>ἀπὸ</span> <span class='ocrx_word' id='word_1_368' title='bbox 1072 710 1116 762; x_wconf 82' lang='grc' dir='ltr'>τοῦ</span> <span class='ocrx_word' id='word_1_369' title='bbox 1130 702 1235 782; x_wconf 79' lang='grc' dir='ltr'>πρώτου</span> <span class='ocrx_word' id='word_1_370' title='bbox 1251 704 1379 782; x_wconf 78' lang='grc' dir='ltr'>βασιλέως</span> <span class='ocrx_word' id='word_1_371' title='bbox 1391 705 1435 762; x_wconf 65' lang='grc' dir='ltr'>καὶ</span> <span class='ocrx_word' id='word_1_372' title='bbox 1449 705 1564 764; x_wconf 68' lang='lat' dir='ltr'>etatem</span> <span class='ocrx_word' id='word_1_373' title='bbox 1582 707 1725 787; x_wconf 79' lang='grc' dir='ltr'>Μιστροιῒμ</span> <span class='ocrx_word' id='word_1_374' title='bbox 1739 715 1790 780; x_wconf 75' lang='grc' dir='ltr'>τῆς</span> 
     </span>
     <span class='ocr_line' id='line_1_60' title="bbox 1007 778 1435 870; baseline 0.009 -22"><span class='ocrx_word' id='word_1_375' title='bbox 1007 778 1156 867; x_wconf 57' lang='lat' dir='ltr'>hiuhma,</span> <span class='ocrx_word' id='word_1_376' title='bbox 1170 793 1328 870; x_wconf 73' lang='grc' dir='ltr'>πληροῦνται</span> <span class='ocrx_word' id='word_1_377' title='bbox 1340 791 1384 861; x_wconf 80' lang='grc' dir='ltr'>ἔτη</span> <span class='ocrx_word' id='word_1_378' title='bbox 1395 791 1435 869; x_wconf 73' lang='grc' dir='ltr'>ψ’.</span> 
     </span>
    </p>
   </div>
   <div class='ocr_carea' id='block_1_9' title="bbox 1007 889 1816 3127">
    <p class='ocr_par' dir='ltr' id='par_1_13' title="bbox 1007 889 1816 2353">
     <span class='ocr_line' id='line_1_61' title="bbox 1047 889 1786 963; baseline 0.005 -21"><span class='ocrx_word' id='word_1_379' title='bbox 1047 890 1139 962; x_wconf 86' lang='lat' dir='ltr'>Igitur</span> <span class='ocrx_word' id='word_1_380' title='bbox 1147 889 1236 942; x_wconf 87' lang='lat' dir='ltr'>lllenae</span> <span class='ocrx_word' id='word_1_381' title='bbox 1247 889 1356 942; x_wconf 90' lang='lat' dir='ltr'>initium</span> <span class='ocrx_word' id='word_1_382' title='bbox 1368 890 1444 962; x_wconf 91' lang='lat' dir='ltr'>apud</span> <span class='ocrx_word' id='word_1_383' title='bbox 1456 891 1655 945; x_wconf 80' lang='lat' dir='ltr'>IIanethonem</span> <span class='ocrx_word' id='word_1_384' title='bbox 1664 892 1786 963; x_wconf 79' lang='lat' dir='ltr'>Syncelli</span> 
     </span>
     <span class='ocr_line' id='line_1_62' title="bbox 1008 975 1785 1048; baseline 0.003 -19"><span class='ocrx_word' id='word_1_385' title='bbox 1008 977 1194 1047; x_wconf 82' lang='lat' dir='ltr'>compositum</span> <span class='ocrx_word' id='word_1_386' title='bbox 1205 976 1296 1029; x_wconf 86' lang='lat' dir='ltr'>suerat</span> <span class='ocrx_word' id='word_1_387' title='bbox 1308 993 1372 1029; x_wconf 90' lang='lat' dir='ltr'>cum</span> <span class='ocrx_word' id='word_1_388' title='bbox 1387 977 1467 1029; x_wconf 88' lang='lat' dir='ltr'>initio</span> <span class='ocrx_word' id='word_1_389' title='bbox 1483 975 1597 1048; x_wconf 90' lang='lat' dir='ltr'>periodi</span> <span class='ocrx_word' id='word_1_390' title='bbox 1610 977 1785 1031; x_wconf 85' lang='lat' dir='ltr'>canicularis.</span> 
     </span>
     <span class='ocr_line' id='line_1_63' title="bbox 1007 1061 1791 1135; baseline 0 -18"><span class='ocrx_word' id='word_1_391' title='bbox 1007 1063 1112 1135; x_wconf 79' lang='lat' dir='ltr'>Quidni</span> <span class='ocrx_word' id='word_1_392' title='bbox 1133 1061 1266 1116; x_wconf 88' lang='lat' dir='ltr'>hactenus</span> <span class='ocrx_word' id='word_1_393' title='bbox 1276 1074 1354 1117; x_wconf 88' lang='lat' dir='ltr'>certe</span> <span class='ocrx_word' id='word_1_394' title='bbox 1373 1062 1496 1117; x_wconf 80' lang='lat' dir='ltr'>Africani</span> <span class='ocrx_word' id='word_1_395' title='bbox 1520 1081 1635 1135; x_wconf 86' lang='lat' dir='ltr'>qnoque</span> <span class='ocrx_word' id='word_1_396' title='bbox 1656 1061 1791 1118; x_wconf 81' lang='lat' dir='ltr'>blanetho</span> 
     </span>
     <span class='ocr_line' id='line_1_64' title="bbox 1008 1150 1791 1205; baseline 0.001 -1"><span class='ocrx_word' id='word_1_397' title='bbox 1008 1151 1134 1204; x_wconf 85' lang='lat' dir='ltr'>similiter·</span> <span class='ocrx_word' id='word_1_398' title='bbox 1145 1167 1205 1203; x_wconf 87' lang='lat' dir='ltr'>rem</span> <span class='ocrx_word' id='word_1_399' title='bbox 1221 1150 1389 1204; x_wconf 78' lang='lat' dir='ltr'>instituerit?</span> <span class='ocrx_word' id='word_1_400' title='bbox 1409 1151 1444 1204; x_wconf 89' lang='lat' dir='ltr'>Et</span> <span class='ocrx_word' id='word_1_401' title='bbox 1459 1168 1496 1204; x_wconf 88' lang='lat' dir='ltr'>ne</span> <span class='ocrx_word' id='word_1_402' title='bbox 1516 1151 1639 1204; x_wconf 88' lang='lat' dir='ltr'>clamites</span> <span class='ocrx_word' id='word_1_403' title='bbox 1657 1169 1715 1205; x_wconf 60' lang='lat' dir='ltr'>we</span> <span class='ocrx_word' id='word_1_404' title='bbox 1736 1153 1791 1205; x_wconf 77' lang='lat' dir='ltr'>hos</span> 
     </span>
     <span class='ocr_line' id='line_1_65' title="bbox 1009 1234 1790 1309; baseline 0.003 -20"><span class='ocrx_word' id='word_1_405' title='bbox 1009 1237 1083 1289; x_wconf 86' lang='lat' dir='ltr'>lusus</span> <span class='ocrx_word' id='word_1_406' title='bbox 1094 1237 1298 1309; x_wconf 86' lang='lat' dir='ltr'>astrologorum</span> <span class='ocrx_word' id='word_1_407' title='bbox 1308 1237 1358 1289; x_wconf 76' lang='lat' dir='ltr'>aevi</span> <span class='ocrx_word' id='word_1_408' title='bbox 1371 1234 1469 1302; x_wconf 80' lang='lat' dir='ltr'>intimi,</span> <span class='ocrx_word' id='word_1_409' title='bbox 1478 1245 1506 1289; x_wconf 90' lang='lat' dir='ltr'>et</span> <span class='ocrx_word' id='word_1_410' title='bbox 1517 1253 1608 1290; x_wconf 88' lang='lat' dir='ltr'>asana</span> <span class='ocrx_word' id='word_1_411' title='bbox 1621 1237 1790 1308; x_wconf 83' lang='lat' dir='ltr'>antiquitate</span> 
     </span>
     <span class='ocr_line' id='line_1_66' title="bbox 1009 1323 1791 1396; baseline 0.003 -19"><span class='ocrx_word' id='word_1_412' title='bbox 1009 1324 1122 1378; x_wconf 91' lang='lat' dir='ltr'>alienos.</span> <span class='ocrx_word' id='word_1_413' title='bbox 1144 1323 1250 1389; x_wconf 68' lang='lat' dir='ltr'>Imma,</span> <span class='ocrx_word' id='word_1_414' title='bbox 1269 1323 1299 1377; x_wconf 90' lang='lat' dir='ltr'>ld</span> <span class='ocrx_word' id='word_1_415' title='bbox 1320 1323 1399 1396; x_wconf 91' lang='lat' dir='ltr'>quod</span> <span class='ocrx_word' id='word_1_416' title='bbox 1418 1323 1568 1377; x_wconf 84' lang='lat' dir='ltr'>rectissimc</span> <span class='ocrx_word' id='word_1_417' title='bbox 1589 1335 1689 1377; x_wconf 87' lang='lat' dir='ltr'>monet</span> <span class='ocrx_word' id='word_1_418' title='bbox 1707 1326 1791 1379; x_wconf 67' lang='grc' dir='ltr'>Βαο-</span> 
     </span>
     <span class='ocr_line' id='line_1_67' title="bbox 1009 1409 1792 1483; baseline 0.003 -21"><span class='ocrx_word' id='word_1_419' title='bbox 1009 1410 1098 1478; x_wconf 85' lang='lat' dir='ltr'>lhius,</span> <span class='ocrx_word' id='word_1_420' title='bbox 1104 1409 1180 1482; x_wconf 90' lang='lat' dir='ltr'>apud</span> <span class='ocrx_word' id='word_1_421' title='bbox 1186 1411 1336 1482; x_wconf 89' lang='lat' dir='ltr'>plerosque</span> <span class='ocrx_word' id='word_1_422' title='bbox 1343 1410 1466 1483; x_wconf 91' lang='lat' dir='ltr'>populos</span> <span class='ocrx_word' id='word_1_423' title='bbox 1473 1409 1792 1464; x_wconf 78' lang='lat' dir='ltr'>vetustissimaebistoriae</span> 
     </span>
     <span class='ocr_line' id='line_1_68' title="bbox 1010 1496 1791 1570; baseline 0.003 -20"><span class='ocrx_word' id='word_1_424' title='bbox 1010 1497 1194 1570; x_wconf 84' lang='lat' dir='ltr'>chronologia</span> <span class='ocrx_word' id='word_1_425' title='bbox 1212 1498 1357 1569; x_wconf 81' lang='lat' dir='ltr'>cyclorum</span> <span class='ocrx_word' id='word_1_426' title='bbox 1374 1496 1553 1569; x_wconf 85' lang='lat' dir='ltr'>quortmdam</span> <span class='ocrx_word' id='word_1_427' title='bbox 1574 1515 1629 1568; x_wconf 88' lang='lat' dir='ltr'>ope</span> <span class='ocrx_word' id='word_1_428' title='bbox 1650 1496 1791 1552; x_wconf 84' lang='lat' dir='ltr'>adornata</span> 
     </span>
     <span class='ocr_line' id='line_1_69' title="bbox 1011 1583 1792 1656; baseline 0.003 -20"><span class='ocrx_word' id='word_1_429' title='bbox 1011 1594 1063 1637; x_wconf 87' lang='lat' dir='ltr'>est.</span> <span class='ocrx_word' id='word_1_430' title='bbox 1073 1586 1171 1656; x_wconf 86' lang='lat' dir='ltr'>Neque</span> <span class='ocrx_word' id='word_1_431' title='bbox 1181 1583 1321 1638; x_wconf 79' lang='lat' dir='ltr'>eximendi</span> <span class='ocrx_word' id='word_1_432' title='bbox 1330 1593 1395 1637; x_wconf 87' lang='lat' dir='ltr'>sunt</span> <span class='ocrx_word' id='word_1_433' title='bbox 1411 1583 1536 1656; x_wconf 84' lang='lat' dir='ltr'>AEgyptii</span> <span class='ocrx_word' id='word_1_434' title='bbox 1546 1591 1700 1654; x_wconf 86' lang='lat' dir='ltr'>propterea</span> <span class='ocrx_word' id='word_1_435' title='bbox 1712 1586 1792 1655; x_wconf 88' lang='lat' dir='ltr'>quod</span> 
     </span>
     <span class='ocr_line' id='line_1_70' title="bbox 1010 1669 1791 1742; baseline 0.003 -20"><span class='ocrx_word' id='word_1_436' title='bbox 1010 1680 1085 1723; x_wconf 83' lang='lat' dir='ltr'>certa</span> <span class='ocrx_word' id='word_1_437' title='bbox 1100 1687 1195 1724; x_wconf 90' lang='lat' dir='ltr'>rerum</span> <span class='ocrx_word' id='word_1_438' title='bbox 1208 1671 1344 1724; x_wconf 90' lang='lat' dir='ltr'>memoria</span> <span class='ocrx_word' id='word_1_439' title='bbox 1354 1669 1430 1742; x_wconf 88' lang='lat' dir='ltr'>apud</span> <span class='ocrx_word' id='word_1_440' title='bbox 1440 1688 1489 1723; x_wconf 90' lang='lat' dir='ltr'>eos</span> <span class='ocrx_word' id='word_1_441' title='bbox 1502 1669 1600 1741; x_wconf 91' lang='lat' dir='ltr'>paullo</span> <span class='ocrx_word' id='word_1_442' title='bbox 1611 1669 1696 1722; x_wconf 90' lang='lat' dir='ltr'>altius</span> <span class='ocrx_word' id='word_1_443' title='bbox 1705 1689 1791 1742; x_wconf 87' lang='lat' dir='ltr'>quam</span> 
     </span>
     <span class='ocr_line' id='line_1_71' title="bbox 1010 1755 1792 1828; baseline 0 -19"><span class='ocrx_word' id='word_1_444' title='bbox 1010 1756 1086 1828; x_wconf 90' lang='lat' dir='ltr'>apud</span> <span class='ocrx_word' id='word_1_445' title='bbox 1099 1758 1223 1828; x_wconf 88' lang='lat' dir='ltr'>reliquos</span> <span class='ocrx_word' id='word_1_446' title='bbox 1234 1755 1366 1810; x_wconf 88' lang='lat' dir='ltr'>ascendit.</span> <span class='ocrx_word' id='word_1_447' title='bbox 1385 1756 1456 1810; x_wconf 90' lang='lat' dir='ltr'>Illuc</span> <span class='ocrx_word' id='word_1_448' title='bbox 1472 1766 1607 1810; x_wconf 78' lang='lat' dir='ltr'>revertor.</span> <span class='ocrx_word' id='word_1_449' title='bbox 1629 1755 1694 1827; x_wconf 81' lang='lat' dir='ltr'>Ipse</span> <span class='ocrx_word' id='word_1_450' title='bbox 1713 1758 1792 1812; x_wconf 74' lang='lat' dir='ltr'>atrr-</span> 
     </span>
     <span class='ocr_line' id='line_1_72' title="bbox 1011 1841 1791 1917; baseline 0.003 -21"><span class='ocrx_word' id='word_1_451' title='bbox 1011 1861 1095 1897; x_wconf 90' lang='lat' dir='ltr'>canus</span> <span class='ocrx_word' id='word_1_452' title='bbox 1106 1844 1162 1897; x_wconf 90' lang='lat' dir='ltr'>hoc</span> <span class='ocrx_word' id='word_1_453' title='bbox 1172 1845 1269 1897; x_wconf 89' lang='lat' dir='ltr'>saltem</span> <span class='ocrx_word' id='word_1_454' title='bbox 1280 1841 1410 1911; x_wconf 87' lang='lat' dir='ltr'>affirmat,</span> <span class='ocrx_word' id='word_1_455' title='bbox 1422 1845 1569 1916; x_wconf 83' lang='lat' dir='ltr'>AEgyptios</span> <span class='ocrx_word' id='word_1_456' title='bbox 1575 1841 1684 1913; x_wconf 85' lang='lat' dir='ltr'>jactare</span> <span class='ocrx_word' id='word_1_457' title='bbox 1692 1843 1791 1917; x_wconf 85' lang='lat' dir='ltr'>ingen-</span> 
     </span>
     <span class='ocr_line' id='line_1_73' title="bbox 1011 1929 1794 2002; baseline 0.004 -20"><span class='ocrx_word' id='word_1_458' title='bbox 1011 1939 1051 1983; x_wconf 84' lang='lat' dir='ltr'>tes</span> <span class='ocrx_word' id='word_1_459' title='bbox 1062 1929 1199 2002; x_wconf 89' lang='lat' dir='ltr'>quosdam</span> <span class='ocrx_word' id='word_1_460' title='bbox 1217 1947 1357 1984; x_wconf 89' lang='lat' dir='ltr'>annorum</span> <span class='ocrx_word' id='word_1_461' title='bbox 1376 1947 1511 1983; x_wconf 90' lang='lat' dir='ltr'>numeros</span> <span class='ocrx_word' id='word_1_462' title='bbox 1532 1947 1638 2001; x_wconf 84' lang='lat' dir='ltr'>eosque</span> <span class='ocrx_word' id='word_1_463' title='bbox 1657 1929 1794 1985; x_wconf 80' lang='lat' dir='ltr'>definitos</span> 
     </span>
     <span class='ocr_line' id='line_1_74' title="bbox 1011 2012 1790 2092; baseline 0 -22"><span class='ocrx_word' id='word_1_464' title='bbox 1011 2035 1068 2070; x_wconf 79' lang='lat' dir='ltr'>esse</span> <span class='ocrx_word' id='word_1_465' title='bbox 1096 2013 1165 2071; x_wconf 77' lang='grc' dir='ltr'>κατὰ</span> <span class='ocrx_word' id='word_1_466' title='bbox 1184 2012 1252 2071; x_wconf 73' lang='grc' dir='ltr'>θέσιν</span> <span class='ocrx_word' id='word_1_467' title='bbox 1274 2017 1325 2070; x_wconf 85' lang='grc' dir='ltr'>τῶν</span> <span class='ocrx_word' id='word_1_468' title='bbox 1347 2012 1410 2092; x_wconf 81' lang='grc' dir='ltr'>παρ’</span> <span class='ocrx_word' id='word_1_469' title='bbox 1432 2017 1519 2078; x_wconf 73' lang='lat' dir='ltr'>abaci&lt;</span> <span class='ocrx_word' id='word_1_470' title='bbox 1543 2015 1790 2090; x_wconf 76' lang='grc' dir='ltr'>ἀστρολογουμὲνων</span> 
     </span>
     <span class='ocr_line' id='line_1_75' title="bbox 1013 2099 1816 2177; baseline -0.001 -21"><span class='ocrx_word' id='word_1_471' title='bbox 1013 2101 1151 2175; x_wconf 77' lang='lat' dir='ltr'>(SyncelI.</span> <span class='ocrx_word' id='word_1_472' title='bbox 1162 2122 1192 2176; x_wconf 93' lang='lat' dir='ltr'>p.</span> <span class='ocrx_word' id='word_1_473' title='bbox 1205 2099 1664 2177; x_wconf 82' lang='lat' dir='ltr'>17).Periodusautem‚qua1nad</span> <span class='ocrx_word' id='word_1_474' title='bbox 1675 2105 1792 2159; x_wconf 87' lang='lat' dir='ltr'>hocad-</span> <span class='ocrx_word' id='word_1_475' title='bbox 1813 2150 1816 2155; x_wconf 28' lang='lat'><strong>⁴</strong></span> 
     </span>
     <span class='ocr_line' id='line_1_76' title="bbox 1010 2188 1791 2258; baseline 0.006 -16"><span class='ocrx_word' id='word_1_476' title='bbox 1010 2188 1127 2245; x_wconf 91' lang='lat' dir='ltr'>hibitam</span> <span class='ocrx_word' id='word_1_477' title='bbox 1151 2190 1298 2246; x_wconf 76' lang='lat' dir='ltr'>Africanus</span> <span class='ocrx_word' id='word_1_478' title='bbox 1320 2191 1428 2258; x_wconf 88' lang='lat' dir='ltr'>innuit,</span> <span class='ocrx_word' id='word_1_479' title='bbox 1447 2193 1495 2245; x_wconf 84' lang='lat' dir='ltr'>vix</span> <span class='ocrx_word' id='word_1_480' title='bbox 1514 2191 1567 2245; x_wconf 90' lang='lat' dir='ltr'>alia</span> <span class='ocrx_word' id='word_1_481' title='bbox 1585 2191 1638 2244; x_wconf 88' lang='lat' dir='ltr'>nisi</span> <span class='ocrx_word' id='word_1_482' title='bbox 1656 2193 1791 2247; x_wconf 83' lang='lat' dir='ltr'>Sothiara</span> 
     </span>
     <span class='ocr_line' id='line_1_77' title="bbox 1012 2275 1229 2353; baseline 0.023 -24"><span class='ocrx_word' id='word_1_483' title='bbox 1012 2295 1068 2331; x_wconf 84' lang='lat' dir='ltr'>esse</span> <span class='ocrx_word' id='word_1_484' title='bbox 1081 2288 1173 2350; x_wconf 78' lang='lat' dir='ltr'>petest</span> <span class='ocrx_word' id='word_1_485' title='bbox 1183 2275 1229 2353; x_wconf 69' lang='grc' dir='ltr'>(Ἴ.</span> 
     </span>
    </p>

    <p class='ocr_par' dir='ltr' id='par_1_14' title="bbox 1011 2362 1791 3127">
     <span class='ocr_line' id='line_1_78' title="bbox 1051 2362 1790 2418; baseline 0 -1"><span class='ocrx_word' id='word_1_486' title='bbox 1051 2365 1112 2418; x_wconf 87' lang='lat' dir='ltr'>Jam</span> <span class='ocrx_word' id='word_1_487' title='bbox 1130 2382 1198 2418; x_wconf 76' lang='lat' dir='ltr'>sero</span> <span class='ocrx_word' id='word_1_488' title='bbox 1212 2363 1343 2416; x_wconf 91' lang='lat' dir='ltr'>lllanetho</span> <span class='ocrx_word' id='word_1_489' title='bbox 1364 2363 1530 2417; x_wconf 81' lang='lat' dir='ltr'>recensuisse</span> <span class='ocrx_word' id='word_1_490' title='bbox 1544 2362 1648 2417; x_wconf 87' lang='lat' dir='ltr'>dicitur</span> <span class='ocrx_word' id='word_1_491' title='bbox 1667 2364 1698 2417; x_wconf 93' lang='lat' dir='ltr'>in</span> <span class='ocrx_word' id='word_1_492' title='bbox 1714 2365 1790 2418; x_wconf 90' lang='lat' dir='ltr'>libro</span> 
     </span>
     <span class='ocr_line' id='line_1_79' title="bbox 1011 2447 1790 2519; baseline 0.003 -19"><span class='ocrx_word' id='word_1_493' title='bbox 1011 2448 1104 2519; x_wconf 92' lang='lat' dir='ltr'>primo</span> <span class='ocrx_word' id='word_1_494' title='bbox 1116 2466 1203 2503; x_wconf 87' lang='lat' dir='ltr'>annos</span> <span class='ocrx_word' id='word_1_495' title='bbox 1218 2447 1309 2515; x_wconf 77' lang='lat'>2300,</span> <span class='ocrx_word' id='word_1_496' title='bbox 1325 2449 1355 2501; x_wconf 91' lang='lat' dir='ltr'>in</span> <span class='ocrx_word' id='word_1_497' title='bbox 1369 2449 1442 2502; x_wconf 90' lang='lat' dir='ltr'>libro</span> <span class='ocrx_word' id='word_1_498' title='bbox 1456 2448 1581 2502; x_wconf 88' lang='lat' dir='ltr'>secundo</span> <span class='ocrx_word' id='word_1_499' title='bbox 1594 2467 1684 2502; x_wconf 90' lang='lat' dir='ltr'>annos</span> <span class='ocrx_word' id='word_1_500' title='bbox 1699 2466 1790 2515; x_wconf 81' lang='lat' dir='ltr'>arar,</span> 
     </span>
     <span class='ocr_line' id='line_1_80' title="bbox 1012 2533 1790 2590; baseline 0.003 -3"><span class='ocrx_word' id='word_1_501' title='bbox 1012 2535 1041 2588; x_wconf 92' lang='lat' dir='ltr'>in</span> <span class='ocrx_word' id='word_1_502' title='bbox 1054 2535 1128 2589; x_wconf 90' lang='lat' dir='ltr'>libro</span> <span class='ocrx_word' id='word_1_503' title='bbox 1138 2536 1224 2588; x_wconf 89' lang='lat' dir='ltr'>tertio</span> <span class='ocrx_word' id='word_1_504' title='bbox 1234 2553 1322 2589; x_wconf 85' lang='lat' dir='ltr'>annos</span> <span class='ocrx_word' id='word_1_505' title='bbox 1341 2533 1425 2590; x_wconf 83' lang='lat'><strong>1050.</strong></span> <span class='ocrx_word' id='word_1_506' title='bbox 1447 2537 1489 2589; x_wconf 87' lang='lat' dir='ltr'>Ex</span> <span class='ocrx_word' id='word_1_507' title='bbox 1503 2536 1547 2589; x_wconf 89' lang='lat' dir='ltr'>his</span> <span class='ocrx_word' id='word_1_508' title='bbox 1557 2553 1691 2589; x_wconf 86' lang='lat' dir='ltr'>numerus</span> <span class='ocrx_word' id='word_1_509' title='bbox 1715 2535 1790 2590; x_wconf 81' lang='lat'>1050</span> 
     </span>
     <span class='ocr_line' id='line_1_81' title="bbox 1014 2617 1791 2696; baseline 0.001 -22"><span class='ocrx_word' id='word_1_510' title='bbox 1014 2621 1078 2696; x_wconf 39' lang='grc' dir='ltr'>(γαν)</span> <span class='ocrx_word' id='word_1_511' title='bbox 1094 2632 1191 2694; x_wconf 90' lang='lat' dir='ltr'>aperte</span> <span class='ocrx_word' id='word_1_512' title='bbox 1213 2633 1361 2694; x_wconf 86' lang='lat' dir='ltr'>corruptus</span> <span class='ocrx_word' id='word_1_513' title='bbox 1380 2631 1468 2676; x_wconf 87' lang='lat' dir='ltr'>estex</span> <span class='ocrx_word' id='word_1_514' title='bbox 1491 2617 1545 2690; x_wconf 70' lang='grc' dir='ltr'>τιν’,</span> <span class='ocrx_word' id='word_1_515' title='bbox 1569 2620 1642 2691; x_wconf 81' lang='lat'>850,</span> <span class='ocrx_word' id='word_1_516' title='bbox 1662 2624 1713 2694; x_wconf 91' lang='lat' dir='ltr'>qui</span> <span class='ocrx_word' id='word_1_517' title='bbox 1732 2625 1791 2695; x_wconf 81' lang='lat' dir='ltr'>ipse</span> 
     </span>
     <span class='ocr_line' id='line_1_82' title="bbox 1011 2707 1790 2781; baseline 0.003 -21"><span class='ocrx_word' id='word_1_518' title='bbox 1011 2709 1128 2780; x_wconf 90' lang='lat' dir='ltr'>ponitur</span> <span class='ocrx_word' id='word_1_519' title='bbox 1146 2726 1201 2781; x_wconf 90' lang='lat' dir='ltr'>pro</span> <span class='ocrx_word' id='word_1_520' title='bbox 1221 2709 1393 2762; x_wconf 84' lang='lat' dir='ltr'>accuratiore</span> <span class='ocrx_word' id='word_1_521' title='bbox 1411 2726 1529 2763; x_wconf 89' lang='lat' dir='ltr'>numero</span> <span class='ocrx_word' id='word_1_522' title='bbox 1551 2707 1606 2762; x_wconf 81' lang='lat'>853</span> <span class='ocrx_word' id='word_1_523' title='bbox 1626 2718 1694 2762; x_wconf 91' lang='lat' dir='ltr'>:tot</span> <span class='ocrx_word' id='word_1_524' title='bbox 1714 2712 1790 2763; x_wconf 88' lang='lat' dir='ltr'>enim</span> 
     </span>
     <span class='ocr_line' id='line_1_83' title="bbox 1011 2793 1790 2867; baseline 0.003 -19"><span class='ocrx_word' id='word_1_525' title='bbox 1011 2796 1076 2848; x_wconf 93' lang='lat' dir='ltr'>anni</span> <span class='ocrx_word' id='word_1_526' title='bbox 1100 2795 1231 2848; x_wconf 90' lang='lat' dir='ltr'>labuntur</span> <span class='ocrx_word' id='word_1_527' title='bbox 1245 2813 1261 2849; x_wconf 90' lang='lat' dir='ltr'>a</span> <span class='ocrx_word' id='word_1_528' title='bbox 1278 2793 1333 2848; x_wconf 85' lang='lat' dir='ltr'>fine</span> <span class='ocrx_word' id='word_1_529' title='bbox 1359 2794 1489 2867; x_wconf 81' lang='lat' dir='ltr'>dynastiae</span> <span class='ocrx_word' id='word_1_530' title='bbox 1507 2795 1577 2848; x_wconf 80' lang='lat' dir='ltr'>XIX</span> <span class='ocrx_word' id='word_1_531' title='bbox 1590 2795 1647 2848; x_wconf 83' lang='lat' dir='ltr'>sive</span> <span class='ocrx_word' id='word_1_532' title='bbox 1660 2813 1677 2848; x_wconf 86' lang='lat' dir='ltr'>a</span> <span class='ocrx_word' id='word_1_533' title='bbox 1698 2797 1790 2866; x_wconf 81' lang='lat' dir='ltr'>Troja·</span> 
     </span>
     <span class='ocr_line' id='line_1_84' title="bbox 1011 2879 1787 2958; baseline 0.005 -23"><span class='ocrx_word' id='word_1_534' title='bbox 1011 2880 1121 2935; x_wconf 82' lang='lat' dir='ltr'>excidio</span> <span class='ocrx_word' id='word_1_535' title='bbox 1143 2879 1239 2955; x_wconf 74' lang='lat'>(1184)</span> <span class='ocrx_word' id='word_1_536' title='bbox 1263 2899 1351 2958; x_wconf 88' lang='lat' dir='ltr'>usquc</span> <span class='ocrx_word' id='word_1_537' title='bbox 1374 2881 1410 2935; x_wconf 92' lang='lat' dir='ltr'>ad</span> <span class='ocrx_word' id='word_1_538' title='bbox 1429 2879 1514 2934; x_wconf 86' lang='lat' dir='ltr'>linem</span> <span class='ocrx_word' id='word_1_539' title='bbox 1526 2881 1658 2954; x_wconf 73' lang='lat' dir='ltr'>dynastia</span> <span class='ocrx_word' id='word_1_540' title='bbox 1672 2883 1787 2939; x_wconf 80' lang='lat' dir='ltr'>XXXI.</span> 
     </span>
     <span class='ocr_line' id='line_1_85' title="bbox 1012 2965 1787 3040; baseline 0.005 -20"><span class='ocrx_word' id='word_1_541' title='bbox 1012 2967 1086 3020; x_wconf 81' lang='lat' dir='ltr'>Anni</span> <span class='ocrx_word' id='word_1_542' title='bbox 1100 2965 1176 3020; x_wconf 83' lang='lat'>2300</span> <span class='ocrx_word' id='word_1_543' title='bbox 1192 2985 1228 3020; x_wconf 83' lang='lat' dir='ltr'>ex</span> <span class='ocrx_word' id='word_1_544' title='bbox 1241 2967 1364 3020; x_wconf 83' lang='lat' dir='ltr'>numeris</span> <span class='ocrx_word' id='word_1_545' title='bbox 1377 2966 1413 3020; x_wconf 92' lang='lat' dir='ltr'>ad</span> <span class='ocrx_word' id='word_1_546' title='bbox 1425 2968 1546 3040; x_wconf 87' lang='lat' dir='ltr'>singulas</span> <span class='ocrx_word' id='word_1_547' title='bbox 1566 2967 1704 3039; x_wconf 82' lang='lat' dir='ltr'>dynastias</span> <span class='ocrx_word' id='word_1_548' title='bbox 1723 2971 1787 3024; x_wconf 86' lang='lat' dir='ltr'>libri</span> 
     </span>
     <span class='ocr_line' id='line_1_86' title="bbox 1012 3053 1790 3127; baseline 0.005 -22"><span class='ocrx_word' id='word_1_549' title='bbox 1012 3054 1096 3126; x_wconf 85' lang='lat' dir='ltr'>prImi</span> <span class='ocrx_word' id='word_1_550' title='bbox 1106 3053 1244 3108; x_wconf 90' lang='lat' dir='ltr'>annotatis</span> <span class='ocrx_word' id='word_1_551' title='bbox 1251 3053 1399 3108; x_wconf 86' lang='lat' dir='ltr'>commode</span> <span class='ocrx_word' id='word_1_552' title='bbox 1407 3063 1523 3127; x_wconf 90' lang='lat' dir='ltr'>possunt</span> <span class='ocrx_word' id='word_1_553' title='bbox 1533 3056 1679 3127; x_wconf 89' lang='lat' dir='ltr'>supputari</span> <span class='ocrx_word' id='word_1_554' title='bbox 1695 3057 1790 3109; x_wconf 84' lang='lat' dir='ltr'>:hunc</span> 
     </span>
    </p>
   </div>
   <div class='ocr_carea' id='block_1_10' title="bbox 1011 3201 1798 5200">
    <p class='ocr_par' dir='ltr' id='par_1_15' title="bbox 1011 3201 1798 5200">
     <span class='ocr_line' id='line_1_87' title="bbox 1043 3201 1790 3264; baseline 0.005 -14"><span class='ocrx_word' id='word_1_555' title='bbox 1043 3203 1077 3261; x_wconf 79' lang='lat'>(¹)</span> <span class='ocrx_word' id='word_1_556' title='bbox 1093 3201 1188 3250; x_wconf 76' lang='lat' dir='ltr'>secta</span> <span class='ocrx_word' id='word_1_557' title='bbox 1204 3203 1222 3262; x_wconf 92' lang='lat' dir='ltr'>l,</span> <span class='ocrx_word' id='word_1_558' title='bbox 1241 3203 1258 3250; x_wconf 94' lang='lat' dir='ltr'>l.</span> <span class='ocrx_word' id='word_1_559' title='bbox 1276 3215 1301 3264; x_wconf 77' lang='lat' dir='ltr'>p.</span> <span class='ocrx_word' id='word_1_560' title='bbox 1315 3209 1347 3252; x_wconf 77' lang='grc'>90</span> <span class='ocrx_word' id='word_1_561' title='bbox 1365 3221 1372 3251; x_wconf 84' lang='grc' dir='ltr'>ι</span> <span class='ocrx_word' id='word_1_562' title='bbox 1388 3202 1451 3251; x_wconf 77' lang='lat' dir='ltr'>«Bet</span> <span class='ocrx_word' id='word_1_563' title='bbox 1465 3203 1645 3253; x_wconf 74' lang='lat' dir='ltr'>ttamssnaher</span> <span class='ocrx_word' id='word_1_564' title='bbox 1661 3217 1730 3254; x_wconf 78' lang='lat' dir='ltr'>muts</span> <span class='ocrx_word' id='word_1_565' title='bbox 1747 3208 1790 3254; x_wconf 85' lang='lat' dir='ltr'>mil</span> 
     </span>
     <span class='ocr_line' id='line_1_88' title="bbox 1013 3269 1791 3334; baseline 0.005 -16"><span class='ocrx_word' id='word_1_566' title='bbox 1013 3271 1075 3318; x_wconf 88' lang='lat' dir='ltr'>noch</span> <span class='ocrx_word' id='word_1_567' title='bbox 1083 3283 1221 3332; x_wconf 76' lang='lat' dir='ltr'>grossetum</span> <span class='ocrx_word' id='word_1_568' title='bbox 1229 3269 1370 3321; x_wconf 73' lang='lat' dir='ltr'>nandruct</span> <span class='ocrx_word' id='word_1_569' title='bbox 1382 3272 1470 3320; x_wconf 84' lang='lat' dir='ltr'>wieder</span> <span class='ocrx_word' id='word_1_570' title='bbox 1478 3271 1673 3334; x_wconf 75' lang='lat' dir='ltr'>gengtwuden,</span> <span class='ocrx_word' id='word_1_571' title='bbox 1684 3287 1736 3321; x_wconf 81' lang='lat' dir='ltr'>was</span> <span class='ocrx_word' id='word_1_572' title='bbox 1747 3277 1791 3322; x_wconf 76' lang='lat' dir='ltr'>wir</span> 
     </span>
     <span class='ocr_line' id='line_1_89' title="bbox 1015 3340 1792 3403; baseline 0.005 -15"><span class='ocrx_word' id='word_1_573' title='bbox 1015 3342 1088 3390; x_wconf 89' lang='lat' dir='ltr'>solmn</span> <span class='ocrx_word' id='word_1_574' title='bbox 1100 3342 1161 3390; x_wconf 84' lang='lat' dir='ltr'>oben</span> <span class='ocrx_word' id='word_1_575' title='bbox 1175 3342 1362 3403; x_wconf 51' lang='lat' dir='ltr'>arimasprochen</span> <span class='ocrx_word' id='word_1_576' title='bbox 1375 3341 1468 3400; x_wconf 82' lang='lat' dir='ltr'>haben,</span> <span class='ocrx_word' id='word_1_577' title='bbox 1479 3341 1534 3388; x_wconf 81' lang='lat' dir='ltr'>dass</span> <span class='ocrx_word' id='word_1_578' title='bbox 1542 3340 1581 3389; x_wconf 84' lang='lat' dir='ltr'>die</span> <span class='ocrx_word' id='word_1_579' title='bbox 1594 3355 1691 3400; x_wconf 61' lang='lat' dir='ltr'>gromen</span> <span class='ocrx_word' id='word_1_580' title='bbox 1710 3345 1792 3393; x_wconf 82' lang='lat' dir='ltr'>Jahrs·</span> 
     </span>
     <span class='ocr_line' id='line_1_90' title="bbox 1012 3408 1792 3470; baseline 0.004 -12"><span class='ocrx_word' id='word_1_581' title='bbox 1012 3411 1096 3459; x_wconf 77' lang='lat' dir='ltr'>raillen</span> <span class='ocrx_word' id='word_1_582' title='bbox 1110 3411 1185 3460; x_wconf 88' lang='lat' dir='ltr'>schoa</span> <span class='ocrx_word' id='word_1_583' title='bbox 1201 3424 1231 3458; x_wconf 89' lang='lat' dir='ltr'>an</span> <span class='ocrx_word' id='word_1_584' title='bbox 1246 3410 1296 3458; x_wconf 88' lang='lat' dir='ltr'>sich</span> <span class='ocrx_word' id='word_1_585' title='bbox 1315 3408 1364 3457; x_wconf 92' lang='lat' dir='ltr'>und</span> <span class='ocrx_word' id='word_1_586' title='bbox 1376 3409 1438 3457; x_wconf 86' lang='lat' dir='ltr'>ohne</span> <span class='ocrx_word' id='word_1_587' title='bbox 1448 3409 1555 3457; x_wconf 74' lang='lat' dir='ltr'>nuberes</span> <span class='ocrx_word' id='word_1_588' title='bbox 1571 3411 1685 3470; x_wconf 54' lang='lat' dir='ltr'>Zcuaniss</span> <span class='ocrx_word' id='word_1_589' title='bbox 1703 3411 1792 3461; x_wconf 81' lang='lat' dir='ltr'>darant</span> 
     </span>
     <span class='ocr_line' id='line_1_91' title="bbox 1013 3479 1792 3540; baseline 0.003 -13"><span class='ocrx_word' id='word_1_590' title='bbox 1013 3481 1115 3540; x_wconf 73' lang='lat' dir='ltr'>falaren,</span> <span class='ocrx_word' id='word_1_591' title='bbox 1136 3482 1171 3528; x_wconf 86' lang='lat' dir='ltr'>sie</span> <span class='ocrx_word' id='word_1_592' title='bbox 1188 3481 1259 3528; x_wconf 86' lang='lat' dir='ltr'>scien·</span> <span class='ocrx_word' id='word_1_593' title='bbox 1269 3480 1331 3528; x_wconf 89' lang='lat' dir='ltr'>nach</span> <span class='ocrx_word' id='word_1_594' title='bbox 1342 3479 1432 3540; x_wconf 76' lang='lat' dir='ltr'>cyclen</span> <span class='ocrx_word' id='word_1_595' title='bbox 1452 3480 1598 3538; x_wconf 72' lang='lat' dir='ltr'>entworlem</span> <span class='ocrx_word' id='word_1_596' title='bbox 1616 3479 1667 3527; x_wconf 89' lang='lat' dir='ltr'>und</span> <span class='ocrx_word' id='word_1_597' title='bbox 1687 3481 1792 3530; x_wconf 75' lang='lat' dir='ltr'>weldrer</span> 
     </span>
     <span class='ocr_line' id='line_1_92' title="bbox 1013 3547 1789 3612; baseline 0.003 -15"><span class='ocrx_word' id='word_1_598' title='bbox 1013 3549 1101 3610; x_wconf 77' lang='lat' dir='ltr'>cyclus</span> <span class='ocrx_word' id='word_1_599' title='bbox 1111 3550 1146 3598; x_wconf 89' lang='lat' dir='ltr'>als</span> <span class='ocrx_word' id='word_1_600' title='bbox 1157 3548 1196 3598; x_wconf 87' lang='lat' dir='ltr'>die</span> <span class='ocrx_word' id='word_1_601' title='bbox 1208 3547 1451 3609; x_wconf 82' lang='lat' dir='ltr'>ltundssteraperiotlc</span> <span class='ocrx_word' id='word_1_602' title='bbox 1462 3548 1533 3597; x_wconf 83' lang='lat' dir='ltr'>sollte</span> <span class='ocrx_word' id='word_1_603' title='bbox 1546 3549 1597 3598; x_wconf 85' lang='lat' dir='ltr'>sich</span> <span class='ocrx_word' id='word_1_604' title='bbox 1612 3550 1651 3597; x_wconf 86' lang='lat' dir='ltr'>lur</span> <span class='ocrx_word' id='word_1_605' title='bbox 1665 3550 1707 3599; x_wconf 83' lang='lat' dir='ltr'>die</span> <span class='ocrx_word' id='word_1_606' title='bbox 1717 3554 1789 3612; x_wconf 69' lang='lat' dir='ltr'>AEgy·</span> 
     </span>
     <span class='ocr_line' id='line_1_93' title="bbox 1013 3617 1790 3680; baseline 0.004 -14"><span class='ocrx_word' id='word_1_607' title='bbox 1013 3619 1104 3679; x_wconf 84' lang='lat' dir='ltr'>ptlsche</span> <span class='ocrx_word' id='word_1_608' title='bbox 1115 3619 1289 3680; x_wconf 80' lang='lat' dir='ltr'>Zeitreohnung</span> <span class='ocrx_word' id='word_1_609' title='bbox 1299 3618 1437 3666; x_wconf 86' lang='lat' dir='ltr'>darbieten?</span> <span class='ocrx_word' id='word_1_610' title='bbox 1448 3617 1548 3666; x_wconf 79' lang='lat' dir='ltr'>Freillch</span> <span class='ocrx_word' id='word_1_611' title='bbox 1559 3618 1634 3668; x_wconf 83' lang='lat' dir='ltr'>findet</span> <span class='ocrx_word' id='word_1_612' title='bbox 1641 3619 1693 3668; x_wconf 72' lang='lat' dir='ltr'>sim</span> <span class='ocrx_word' id='word_1_613' title='bbox 1708 3621 1733 3668; x_wconf 87' lang='lat' dir='ltr'>in</span> <span class='ocrx_word' id='word_1_614' title='bbox 1744 3622 1790 3669; x_wconf 82' lang='lat' dir='ltr'>den</span> 
     </span>
     <span class='ocr_line' id='line_1_94' title="bbox 1013 3687 1789 3749; baseline 0.001 -13"><span class='ocrx_word' id='word_1_615' title='bbox 1013 3693 1137 3749; x_wconf 76' lang='lat' dir='ltr'>Auuugen</span> <span class='ocrx_word' id='word_1_616' title='bbox 1155 3701 1198 3736; x_wconf 88' lang='lat' dir='ltr'>ans</span> <span class='ocrx_word' id='word_1_617' title='bbox 1209 3688 1251 3736; x_wconf 85' lang='lat' dir='ltr'>des</span> <span class='ocrx_word' id='word_1_618' title='bbox 1267 3688 1378 3736; x_wconf 76' lang='lat' dir='ltr'>manetho</span> <span class='ocrx_word' id='word_1_619' title='bbox 1398 3687 1565 3748; x_wconf 73' lang='lat' dir='ltr'>AEgyptischen</span> <span class='ocrx_word' id='word_1_620' title='bbox 1583 3689 1742 3737; x_wconf 77' lang='lat' dir='ltr'>Geschichten</span> <span class='ocrx_word' id='word_1_621' title='bbox 1756 3694 1789 3737; x_wconf 83' lang='lat' dir='ltr'>tar</span> 
     </span>
     <span class='ocr_line' id='line_1_95' title="bbox 1011 3755 1790 3818; baseline 0 -12"><span class='ocrx_word' id='word_1_622' title='bbox 1011 3757 1170 3818; x_wconf 78' lang='lat' dir='ltr'>syncellotler</span> <span class='ocrx_word' id='word_1_623' title='bbox 1188 3758 1212 3804; x_wconf 90' lang='lat' dir='ltr'>in</span> <span class='ocrx_word' id='word_1_624' title='bbox 1223 3755 1306 3804; x_wconf 63' lang='lat' dir='ltr'>damen</span> <span class='ocrx_word' id='word_1_625' title='bbox 1324 3756 1502 3806; x_wconf 72' lang='lat' dir='ltr'>africanischen</span> <span class='ocrx_word' id='word_1_626' title='bbox 1523 3757 1666 3818; x_wconf 68' lang='lat' dir='ltr'>Danastioen</span> <span class='ocrx_word' id='word_1_627' title='bbox 1683 3759 1734 3806; x_wconf 85' lang='lat' dir='ltr'>und</span> <span class='ocrx_word' id='word_1_628' title='bbox 1753 3761 1790 3806; x_wconf 85' lang='lat' dir='ltr'>hei</span> 
     </span>
     <span class='ocr_line' id='line_1_96' title="bbox 1015 3824 1790 3887; baseline 0.001 -12"><span class='ocrx_word' id='word_1_629' title='bbox 1015 3826 1132 3875; x_wconf 81' lang='lat' dir='ltr'>Eusebius</span> <span class='ocrx_word' id='word_1_630' title='bbox 1148 3827 1216 3874; x_wconf 79' lang='lat' dir='ltr'>hetae</span> <span class='ocrx_word' id='word_1_631' title='bbox 1232 3825 1392 3886; x_wconf 77' lang='lat' dir='ltr'>Erwnhnung</span> <span class='ocrx_word' id='word_1_632' title='bbox 1403 3824 1447 3871; x_wconf 84' lang='lat' dir='ltr'>der</span> <span class='ocrx_word' id='word_1_633' title='bbox 1459 3824 1721 3887; x_wconf 52' lang='lat' dir='ltr'>armamentorio</span> <span class='ocrx_word' id='word_1_634' title='bbox 1738 3829 1790 3876; x_wconf 77' lang='lat' dir='ltr'>thes</span> 
     </span>
     <span class='ocr_line' id='line_1_97' title="bbox 1013 3892 1789 3956; baseline 0.003 -12"><span class='ocrx_word' id='word_1_635' title='bbox 1013 3897 1044 3944; x_wconf 90' lang='lat' dir='ltr'>ist</span> <span class='ocrx_word' id='word_1_636' title='bbox 1056 3895 1113 3944; x_wconf 86' lang='lat' dir='ltr'>aber</span> <span class='ocrx_word' id='word_1_637' title='bbox 1122 3909 1181 3956; x_wconf 75' lang='lat' dir='ltr'>ganz</span> <span class='ocrx_word' id='word_1_638' title='bbox 1193 3895 1325 3952; x_wconf 82' lang='lat' dir='ltr'>naturhch3</span> <span class='ocrx_word' id='word_1_639' title='bbox 1339 3894 1386 3942; x_wconf 86' lang='lat' dir='ltr'>den</span> <span class='ocrx_word' id='word_1_640' title='bbox 1396 3893 1494 3942; x_wconf 79' lang='lat' dir='ltr'>ulterea</span> <span class='ocrx_word' id='word_1_641' title='bbox 1513 3892 1666 3943; x_wconf 60' lang='lat' dir='ltr'>ductilem</span> <span class='ocrx_word' id='word_1_642' title='bbox 1677 3896 1789 3946; x_wconf 75' lang='lat' dir='ltr'>cam·</span> 
     </span>
     <span class='ocr_line' id='line_1_98' title="bbox 1011 3963 1791 4026; baseline 0.005 -13"><span class='ocrx_word' id='word_1_643' title='bbox 1011 3967 1114 4026; x_wconf 75' lang='lat' dir='ltr'>graphan</span> <span class='ocrx_word' id='word_1_644' title='bbox 1125 3967 1172 4013; x_wconf 88' lang='lat' dir='ltr'>wie</span> <span class='ocrx_word' id='word_1_645' title='bbox 1186 3965 1311 4014; x_wconf 76' lang='lat' dir='ltr'>africanus</span> <span class='ocrx_word' id='word_1_646' title='bbox 1322 3963 1371 4012; x_wconf 83' lang='lat' dir='ltr'>und</span> <span class='ocrx_word' id='word_1_647' title='bbox 1388 3963 1503 4012; x_wconf 74' lang='lat' dir='ltr'>Eusebius</span> <span class='ocrx_word' id='word_1_648' title='bbox 1513 3975 1564 4011; x_wconf 84' lang='lat' dir='ltr'>war</span> <span class='ocrx_word' id='word_1_649' title='bbox 1579 3977 1606 4012; x_wconf 84' lang='lat' dir='ltr'>es</span> <span class='ocrx_word' id='word_1_650' title='bbox 1616 3965 1682 4014; x_wconf 81' lang='lat' dir='ltr'>bloss</span> <span class='ocrx_word' id='word_1_651' title='bbox 1695 3980 1738 4015; x_wconf 84' lang='lat' dir='ltr'>um</span> <span class='ocrx_word' id='word_1_652' title='bbox 1752 3969 1791 4017; x_wconf 82' lang='lat' dir='ltr'>die</span> 
     </span>
     <span class='ocr_line' id='line_1_99' title="bbox 1013 4031 1788 4094; baseline 0.001 -13"><span class='ocrx_word' id='word_1_653' title='bbox 1013 4033 1116 4081; x_wconf 87' lang='lat' dir='ltr'>nachten</span> <span class='ocrx_word' id='word_1_654' title='bbox 1127 4033 1366 4093; x_wconf 76' lang='lat' dir='ltr'>Zeitbostimmungen</span> <span class='ocrx_word' id='word_1_655' title='bbox 1375 4031 1488 4091; x_wconf 83' lang='lat' dir='ltr'>zathan,</span> <span class='ocrx_word' id='word_1_656' title='bbox 1498 4032 1567 4079; x_wconf 92' lang='lat' dir='ltr'>nicht</span> <span class='ocrx_word' id='word_1_657' title='bbox 1578 4046 1620 4079; x_wconf 92' lang='lat' dir='ltr'>um</span> <span class='ocrx_word' id='word_1_658' title='bbox 1631 4033 1674 4081; x_wconf 86' lang='lat' dir='ltr'>das</span> <span class='ocrx_word' id='word_1_659' title='bbox 1689 4033 1788 4094; x_wconf 87' lang='lat' dir='ltr'>phanta-</span> 
     </span>
     <span class='ocr_line' id='line_1_100' title="bbox 1011 4099 1791 4162; baseline 0.001 -12"><span class='ocrx_word' id='word_1_660' title='bbox 1011 4102 1098 4150; x_wconf 85' lang='lat' dir='ltr'>stische</span> <span class='ocrx_word' id='word_1_661' title='bbox 1106 4105 1198 4162; x_wconf 75' lang='lat' dir='ltr'>system</span> <span class='ocrx_word' id='word_1_662' title='bbox 1207 4114 1237 4149; x_wconf 89' lang='lat' dir='ltr'>an</span> <span class='ocrx_word' id='word_1_663' title='bbox 1252 4102 1354 4149; x_wconf 85' lang='lat' dir='ltr'>welches</span> <span class='ocrx_word' id='word_1_664' title='bbox 1364 4101 1397 4148; x_wconf 88' lang='lat' dir='ltr'>sie</span> <span class='ocrx_word' id='word_1_665' title='bbox 1411 4099 1524 4161; x_wconf 79' lang='lat' dir='ltr'>gehntplt</span> <span class='ocrx_word' id='word_1_666' title='bbox 1533 4112 1625 4160; x_wconf 81' lang='lat' dir='ltr'>waren,</span> <span class='ocrx_word' id='word_1_667' title='bbox 1636 4101 1686 4148; x_wconf 89' lang='lat' dir='ltr'>aad</span> <span class='ocrx_word' id='word_1_668' title='bbox 1700 4103 1725 4150; x_wconf 88' lang='lat' dir='ltr'>ia</span> <span class='ocrx_word' id='word_1_669' title='bbox 1746 4106 1791 4151; x_wconf 84' lang='lat' dir='ltr'>den</span> 
     </span>
     <span class='ocr_line' id='line_1_101' title="bbox 1012 4169 1788 4232; baseline 0.005 -15"><span class='ocrx_word' id='word_1_670' title='bbox 1012 4171 1177 4232; x_wconf 76' lang='lat' dir='ltr'>AEgyptischen</span> <span class='ocrx_word' id='word_1_671' title='bbox 1186 4171 1345 4218; x_wconf 77' lang='lat' dir='ltr'>Grschichten</span> <span class='ocrx_word' id='word_1_672' title='bbox 1354 4169 1396 4218; x_wconf 89' lang='lat' dir='ltr'>des</span> <span class='ocrx_word' id='word_1_673' title='bbox 1405 4169 1517 4218; x_wconf 82' lang='lat' dir='ltr'>Manetho</span> <span class='ocrx_word' id='word_1_674' title='bbox 1531 4169 1628 4218; x_wconf 76' lang='lat' dir='ltr'>mochis</span> <span class='ocrx_word' id='word_1_675' title='bbox 1635 4170 1676 4220; x_wconf 88' lang='lat' dir='ltr'>die</span> <span class='ocrx_word' id='word_1_676' title='bbox 1690 4173 1788 4221; x_wconf 69' lang='grc' dir='ltr'>Ηυοιίε-</span> 
     </span>
     <span class='ocr_line' id='line_1_102' title="bbox 1011 4239 1791 4301; baseline 0.003 -11"><span class='ocrx_word' id='word_1_677' title='bbox 1011 4240 1172 4301; x_wconf 79' lang='lat' dir='ltr'>stemperiotla</span> <span class='ocrx_word' id='word_1_678' title='bbox 1180 4241 1243 4288; x_wconf 81' lang='lat' dir='ltr'>auctr</span> <span class='ocrx_word' id='word_1_679' title='bbox 1251 4253 1298 4288; x_wconf 86' lang='lat' dir='ltr'>nur</span> <span class='ocrx_word' id='word_1_680' title='bbox 1305 4241 1360 4289; x_wconf 84' lang='lat' dir='ltr'>sehr</span> <span class='ocrx_word' id='word_1_681' title='bbox 1369 4239 1488 4288; x_wconf 83' lang='lat' dir='ltr'>neberber</span> <span class='ocrx_word' id='word_1_682' title='bbox 1499 4239 1714 4300; x_wconf 61' lang='lat' dir='ltr'>turturem</span> <span class='ocrx_word' id='word_1_683' title='bbox 1724 4243 1791 4301; x_wconf 65' lang='lat' dir='ltr'>seim</span> 
     </span>
     <span class='ocr_line' id='line_1_103' title="bbox 1011 4308 1786 4371; baseline 0.005 -13"><span class='ocrx_word' id='word_1_684' title='bbox 1011 4311 1068 4358; x_wconf 91' lang='lat' dir='ltr'>aber</span> <span class='ocrx_word' id='word_1_685' title='bbox 1077 4323 1147 4357; x_wconf 90' lang='lat' dir='ltr'>wenn</span> <span class='ocrx_word' id='word_1_686' title='bbox 1162 4308 1285 4357; x_wconf 76' lang='lat' dir='ltr'>Alucanus</span> <span class='ocrx_word' id='word_1_687' title='bbox 1296 4312 1351 4370; x_wconf 72' lang='lat' dir='ltr'>sagi.</span> <span class='ocrx_word' id='word_1_688' title='bbox 1358 4308 1398 4358; x_wconf 88' lang='lat' dir='ltr'>die</span> <span class='ocrx_word' id='word_1_689' title='bbox 1408 4312 1521 4370; x_wconf 69' lang='lat' dir='ltr'>AEgyplu</span> <span class='ocrx_word' id='word_1_690' title='bbox 1531 4309 1610 4358; x_wconf 73' lang='lat' dir='ltr'>luten</span> <span class='ocrx_word' id='word_1_691' title='bbox 1620 4313 1786 4371; x_wconf 60' lang='lat' dir='ltr'>computent</span> 
     </span>
     <span class='ocr_line' id='line_1_104' title="bbox 1012 4377 1795 4439; baseline 0.005 -13"><span class='ocrx_word' id='word_1_692' title='bbox 1012 4378 1178 4439; x_wconf 77' lang='lat' dir='ltr'>obermussige</span> <span class='ocrx_word' id='word_1_693' title='bbox 1187 4379 1326 4425; x_wconf 82' lang='lat' dir='ltr'>Zeitraeume</span> <span class='ocrx_word' id='word_1_694' title='bbox 1334 4377 1383 4424; x_wconf 88' lang='lat' dir='ltr'>und</span> <span class='ocrx_word' id='word_1_695' title='bbox 1392 4377 1514 4439; x_wconf 78' lang='lat' dir='ltr'>llyriadeu</span> <span class='ocrx_word' id='word_1_696' title='bbox 1521 4391 1568 4425; x_wconf 81' lang='lat' dir='ltr'>ron</span> <span class='ocrx_word' id='word_1_697' title='bbox 1578 4377 1668 4426; x_wconf 81' lang='lat' dir='ltr'>labren</span> <span class='ocrx_word' id='word_1_698' title='bbox 1682 4381 1745 4429; x_wconf 76' lang='lat' dir='ltr'>naeu</span> <span class='ocrx_word' id='word_1_699' title='bbox 1756 4383 1795 4430; x_wconf 62' lang='lat' dir='ltr'>ei«</span> 
     </span>
     <span class='ocr_line' id='line_1_105' title="bbox 1013 4446 1792 4510; baseline 0.003 -15"><span class='ocrx_word' id='word_1_700' title='bbox 1013 4461 1057 4495; x_wconf 85' lang='lat' dir='ltr'>ner</span> <span class='ocrx_word' id='word_1_701' title='bbox 1065 4451 1167 4506; x_wconf 69' lang='lat' dir='ltr'>setzurg</span> <span class='ocrx_word' id='word_1_702' title='bbox 1178 4459 1225 4493; x_wconf 87' lang='lat' dir='ltr'>von</span> <span class='ocrx_word' id='word_1_703' title='bbox 1235 4446 1417 4506; x_wconf 77' lang='lat' dir='ltr'>astrologischea</span> <span class='ocrx_word' id='word_1_704' title='bbox 1430 4447 1622 4508; x_wconf 61' lang='lat' dir='ltr'>fflhrnmungen</span> <span class='ocrx_word' id='word_1_705' title='bbox 1641 4449 1792 4510; x_wconf 83' lang='lat' dir='ltr'>angegeben‚</span> 
     </span>
     <span class='ocr_line' id='line_1_106' title="bbox 1013 4516 1798 4577; baseline 0.004 -12"><span class='ocrx_word' id='word_1_706' title='bbox 1013 4516 1798 4577; x_wconf 67' lang='lat' dir='ltr'>autemuernterehartmrmegeoabttntenatsdenronam</span> 
     </span>
     <span class='ocr_line' id='line_1_107' title="bbox 1014 4586 1793 4648; baseline 0 -13"><span class='ocrx_word' id='word_1_707' title='bbox 1014 4588 1144 4636; x_wconf 87' lang='lat' dir='ltr'>benutzten</span> <span class='ocrx_word' id='word_1_708' title='bbox 1153 4587 1277 4644; x_wconf 70' lang='lat' dir='ltr'>manetho,</span> <span class='ocrx_word' id='word_1_709' title='bbox 1286 4599 1330 4633; x_wconf 80' lang='lat' dir='ltr'>aas</span> <span class='ocrx_word' id='word_1_710' title='bbox 1338 4587 1454 4634; x_wconf 77' lang='lat' dir='ltr'>walchem</span> <span class='ocrx_word' id='word_1_711' title='bbox 1462 4599 1490 4634; x_wconf 88' lang='lat' dir='ltr'>er</span> <span class='ocrx_word' id='word_1_712' title='bbox 1500 4587 1527 4646; x_wconf 77' lang='lat' dir='ltr'>J&#39;a</span> <span class='ocrx_word' id='word_1_713' title='bbox 1536 4587 1610 4635; x_wconf 86' lang='lat' dir='ltr'>selbst</span> <span class='ocrx_word' id='word_1_714' title='bbox 1619 4586 1684 4635; x_wconf 70' lang='lat' dir='ltr'>illese</span> <span class='ocrx_word' id='word_1_715' title='bbox 1695 4601 1793 4648; x_wconf 65' lang='lat' dir='ltr'>mn</span> 
     </span>
     <span class='ocr_line' id='line_1_108' title="bbox 1013 4654 1798 4718; baseline 0.001 -13"><span class='ocrx_word' id='word_1_716' title='bbox 1013 4657 1154 4706; x_wconf 76' lang='lat' dir='ltr'>Zeitruume</span> <span class='ocrx_word' id='word_1_717' title='bbox 1170 4655 1318 4703; x_wconf 76' lang='lat' dir='ltr'>vemeichuet</span> <span class='ocrx_word' id='word_1_718' title='bbox 1330 4655 1413 4702; x_wconf 81' lang='lat' dir='ltr'>lutto?</span> <span class='ocrx_word' id='word_1_719' title='bbox 1426 4659 1485 4703; x_wconf 82' lang='lat' dir='ltr'>nass</span> <span class='ocrx_word' id='word_1_720' title='bbox 1494 4654 1619 4705; x_wconf 85' lang='lat' dir='ltr'>untcrden</span> <span class='ocrx_word' id='word_1_721' title='bbox 1636 4657 1798 4718; x_wconf 60' lang='lat' dir='ltr'>strategum</span> 
     </span>
     <span class='ocr_line' id='line_1_109' title="bbox 1014 4723 1794 4785; baseline 0.003 -13"><span class='ocrx_word' id='word_1_722' title='bbox 1014 4725 1164 4772; x_wconf 68' lang='lat' dir='ltr'>uertaturten</span> <span class='ocrx_word' id='word_1_723' title='bbox 1174 4723 1330 4771; x_wconf 84' lang='lat' dir='ltr'>Zeitraeomen</span> <span class='ocrx_word' id='word_1_724' title='bbox 1340 4723 1400 4772; x_wconf 82' lang='lat' dir='ltr'>eben</span> <span class='ocrx_word' id='word_1_725' title='bbox 1414 4723 1674 4785; x_wconf 78' lang='lat' dir='ltr'>litandsstemperioden</span> <span class='ocrx_word' id='word_1_726' title='bbox 1686 4725 1794 4784; x_wconf 82' lang='lat' dir='ltr'>getueint</span> 
     </span>
     <span class='ocr_line' id='line_1_110' title="bbox 1013 4791 1791 4855; baseline 0 -13"><span class='ocrx_word' id='word_1_727' title='bbox 1013 4794 1092 4855; x_wconf 85' lang='lat' dir='ltr'>scien,</span> <span class='ocrx_word' id='word_1_728' title='bbox 1104 4793 1134 4841; x_wconf 86' lang='lat' dir='ltr'>ist</span> <span class='ocrx_word' id='word_1_729' title='bbox 1149 4793 1188 4840; x_wconf 77' lang='lat' dir='ltr'>the</span> <span class='ocrx_word' id='word_1_730' title='bbox 1198 4793 1326 4840; x_wconf 72' lang='lat' dir='ltr'>entechstc</span> <span class='ocrx_word' id='word_1_731' title='bbox 1339 4791 1387 4839; x_wconf 77' lang='lat' dir='ltr'>rand</span> <span class='ocrx_word' id='word_1_732' title='bbox 1398 4792 1554 4843; x_wconf 81' lang='lat' dir='ltr'>naturliobste</span> <span class='ocrx_word' id='word_1_733' title='bbox 1570 4795 1764 4855; x_wconf 73' lang='lat' dir='ltr'>t&#39;oraussetrnng</span> <span class='ocrx_word' id='word_1_734' title='bbox 1784 4815 1791 4842; x_wconf 91' lang='lat'>:</span> 
     </span>
     <span class='ocr_line' id='line_1_111' title="bbox 1013 4856 1793 4924; baseline 0 -12"><span class='ocrx_word' id='word_1_735' title='bbox 1013 4864 1048 4912; x_wconf 88' lang='lat' dir='ltr'>sie</span> <span class='ocrx_word' id='word_1_736' title='bbox 1068 4863 1099 4911; x_wconf 91' lang='lat' dir='ltr'>ist</span> <span class='ocrx_word' id='word_1_737' title='bbox 1110 4876 1151 4910; x_wconf 90' lang='lat' dir='ltr'>um</span> <span class='ocrx_word' id='word_1_738' title='bbox 1168 4875 1194 4910; x_wconf 87' lang='lat' dir='ltr'>se</span> <span class='ocrx_word' id='word_1_739' title='bbox 1215 4856 1381 4922; x_wconf 68' lang='lat' dir='ltr'>hagenbucha,</span> <span class='ocrx_word' id='word_1_740' title='bbox 1396 4875 1468 4909; x_wconf 79' lang='lat' dir='ltr'>wenn</span> <span class='ocrx_word' id='word_1_741' title='bbox 1486 4861 1524 4910; x_wconf 89' lang='lat' dir='ltr'>die</span> <span class='ocrx_word' id='word_1_742' title='bbox 1544 4863 1700 4924; x_wconf 74' lang='lat' dir='ltr'>hawendung</span> <span class='ocrx_word' id='word_1_743' title='bbox 1714 4863 1793 4912; x_wconf 78' lang='lat' dir='ltr'>dieser</span> 
     </span>
     <span class='ocr_line' id='line_1_112' title="bbox 1017 4929 1793 4990; baseline 0 -10"><span class='ocrx_word' id='word_1_744' title='bbox 1017 4931 1115 4980; x_wconf 79' lang='lat' dir='ltr'>l’eriode</span> <span class='ocrx_word' id='word_1_745' title='bbox 1126 4931 1149 4978; x_wconf 87' lang='lat' dir='ltr'>in</span> <span class='ocrx_word' id='word_1_746' title='bbox 1169 4931 1212 4979; x_wconf 86' lang='lat' dir='ltr'>der</span> <span class='ocrx_word' id='word_1_747' title='bbox 1230 4930 1406 4990; x_wconf 80' lang='lat' dir='ltr'>Uebersetzuag</span> <span class='ocrx_word' id='word_1_748' title='bbox 1422 4929 1467 4978; x_wconf 76' lang='lat' dir='ltr'>cler</span> <span class='ocrx_word' id='word_1_749' title='bbox 1482 4930 1601 4990; x_wconf 75' lang='lat' dir='ltr'>siebmzig</span> <span class='ocrx_word' id='word_1_750' title='bbox 1617 4931 1793 4980; x_wconf 79' lang='lat' dir='ltr'>Dolltnetscher</span> 
     </span>
     <span class='ocr_line' id='line_1_113' title="bbox 1014 4999 1790 5062; baseline 0.003 -14"><span class='ocrx_word' id='word_1_751' title='bbox 1014 5000 1149 5051; x_wconf 74' lang='lat' dir='ltr'>undidem</span> <span class='ocrx_word' id='word_1_752' title='bbox 1166 5012 1213 5048; x_wconf 83' lang='lat' dir='ltr'>von</span> <span class='ocrx_word' id='word_1_753' title='bbox 1227 5013 1272 5048; x_wconf 90' lang='lat' dir='ltr'>uns</span> <span class='ocrx_word' id='word_1_754' title='bbox 1290 4999 1460 5060; x_wconf 78' lang='lat' dir='ltr'>bargestelltcn</span> <span class='ocrx_word' id='word_1_755' title='bbox 1478 4999 1545 5047; x_wconf 82' lang='lat' dir='ltr'>niclrt</span> <span class='ocrx_word' id='word_1_756' title='bbox 1562 5012 1593 5047; x_wconf 83' lang='lat' dir='ltr'>ru</span> <span class='ocrx_word' id='word_1_757' title='bbox 1610 5000 1720 5062; x_wconf 62' lang='lat' dir='ltr'>laomen</span> <span class='ocrx_word' id='word_1_758' title='bbox 1738 5003 1790 5050; x_wconf 86' lang='lat' dir='ltr'>seia</span> 
     </span>
     <span class='ocr_line' id='line_1_114' title="bbox 1014 5068 1787 5130; baseline -0.003 -12"><span class='ocrx_word' id='word_1_759' title='bbox 1014 5071 1127 5120; x_wconf 63' lang='lat' dir='ltr'>muschte.</span> <span class='ocrx_word' id='word_1_760' title='bbox 1139 5089 1150 5109; x_wconf 77' lang='grc' dir='ltr'>ο</span> <span class='ocrx_word' id='word_1_761' title='bbox 1163 5097 1193 5103; x_wconf 99' lang='grc'>-</span> <span class='ocrx_word' id='word_1_762' title='bbox 1204 5071 1337 5117; x_wconf 77' lang='lat' dir='ltr'>horatione</span> <span class='ocrx_word' id='word_1_763' title='bbox 1348 5073 1373 5116; x_wconf 87' lang='lat' dir='ltr'>et</span> <span class='ocrx_word' id='word_1_764' title='bbox 1382 5081 1426 5115; x_wconf 83' lang='lat' dir='ltr'>usu</span> <span class='ocrx_word' id='word_1_765' title='bbox 1436 5068 1507 5127; x_wconf 76' lang='lat' dir='ltr'>haim</span> <span class='ocrx_word' id='word_1_766' title='bbox 1517 5068 1578 5128; x_wconf 77' lang='lat' dir='ltr'>cycli</span> <span class='ocrx_word' id='word_1_767' title='bbox 1588 5069 1738 5130; x_wconf 76' lang='lat' dir='ltr'>doctissime,</span> <span class='ocrx_word' id='word_1_768' title='bbox 1751 5071 1787 5117; x_wconf 87' lang='lat' dir='ltr'>uti</span> 
     </span>
     <span class='ocr_line' id='line_1_115' title="bbox 1014 5138 1719 5200; baseline -0.003 -13"><span class='ocrx_word' id='word_1_769' title='bbox 1014 5140 1086 5197; x_wconf 92' lang='lat' dir='ltr'>solet,</span> <span class='ocrx_word' id='word_1_770' title='bbox 1099 5140 1196 5200; x_wconf 75' lang='lat' dir='ltr'>exponit</span> <span class='ocrx_word' id='word_1_771' title='bbox 1206 5139 1332 5187; x_wconf 74' lang='lat' dir='ltr'>hnuhluus</span> <span class='ocrx_word' id='word_1_772' title='bbox 1343 5138 1381 5198; x_wconf 87' lang='lat' dir='ltr'>(p.</span> <span class='ocrx_word' id='word_1_773' title='bbox 1397 5142 1424 5185; x_wconf 84' lang='lat' dir='ltr'>ts</span> <span class='ocrx_word' id='word_1_774' title='bbox 1436 5152 1479 5199; x_wconf 86' lang='lat' dir='ltr'>sqq</span> <span class='ocrx_word' id='word_1_775' title='bbox 1487 5143 1508 5197; x_wconf 68' lang='lat' dir='ltr'>l,</span> <span class='ocrx_word' id='word_1_776' title='bbox 1520 5151 1592 5198; x_wconf 85' lang='lat' dir='ltr'>quem</span> <span class='ocrx_word' id='word_1_777' title='bbox 1603 5142 1631 5187; x_wconf 89' lang='lat' dir='ltr'>tu</span> <span class='ocrx_word' id='word_1_778' title='bbox 1640 5139 1719 5187; x_wconf 75' lang='lat' dir='ltr'>adeas.</span> 
     </span>
    </p>
   </div>
   <div class='ocr_carea' id='block_1_11' title="bbox 0 0 1932 5767">
    <p class='ocr_par' dir='ltr' id='par_1_16' title="bbox 0 0 1932 5767">
     <span class='ocr_line' id='line_1_116' title="bbox 0 0 1932 5767; baseline 0 0"><span class='ocrx_word' id='word_1_779' title='bbox 0 0 1932 5767; x_wconf 95' lang='lat' dir='ltr'> </span> 
     </span>
    </p>
   </div>
  </div>
 </body>
</html>
