3834 5767
546 342 593 401 su
615 343 692 401 nun
713 318 889 401 insumis
910 344 1113 405 nionnnror·
1134 348 1474 435 numunianum„

219 360 308 403 xxxii

217 472 317 549 μιστά,
336 470 380 529 καί
398 470 487 547 λόγους
508 470 605 537 διεξιὼν
624 470 741 537 αὐθάδεις
755 470 819 551 ὑπὲρ
838 470 984 539 {conoide
1032 475 1305 539 1111011111Πο11111111,
1320 483 1373 529 111111
1389 481 1807 546 11111111111111111111111111111111

216 584 245 635 γε
259 563 359 638 πρῶτον
380 557 427 633 μὲν
439 558 604 632 καθεζόμενος
623 557 666 615 ἐπί
685 557 800 635 βήματος
813 564 985 638 περιφανοῦς,
1030 568 1208 628 superbissimis.
1219 575 1278 622 Num
1286 577 1413 637 conspicuo
1420 577 1661 641 aedeusiusoggcatu,
1670 582 1705 629 uti
1715 582 1807 642 publici

215 647 303 723 ὥσπερ
319 644 454 709 longioris
473 643 583 709 τοῖστὰς
603 642 684 723 ἀρχάς
694 644 806 722 ἔχουσιν,
828 644 986 723 ἐχρημάτιζε
1030 663 1181 723 magistratus
1193 669 1400 733 soleat,quotidie
1410 673 1578 724 accedentibus
1588 674 1807 726 detmmemarum

217 735 269 799 τοῖς
282 738 430 810 προσῑῦῧσῑν
446 732 478 788 31’
493 730 594 808 ἡμέρα(
610 731 668 811 litii
680 732 727 800 Τέιν
740 732 893 803 1110111111,
907 731 983 789 111611·
1029 758 1153 820 largitione
1174 778 1284 827 responsa
1297 768 1383 830 dabat,
1402 771 1479 829 eiecto
1492 772 1561 833 quasi
1576 774 1604 823 1..
1622 774 1740 833 Minucio,
1761 776 1807 837 qui

214 820 267 875 λόιν
285 826 331 889 τῆς
345 823 423 894 τιμῆς
435 818 530 887 ταύτης
545 817 589 875 τόν
606 816 790 895 ἀποδειχθέντα
804 816 921 895 θπαρχον
935 818 985 875 ίιπθ

214 912 259 976 τῆς
272 908 376 982 βουλῆς·
387 905 475 963 ἔπειτα
487 905 538 981 [δὲ]
552 906 666 983 συνεχεῖς
675 904 825 979 ποιούμενος
835 904 983 973 ἐκκλησίας,

214 996 260 1049 οὐκ
274 992 301 1049 δν
314 995 339 1049 ἐν
349 992 397 1049 ίθει
410 990 550 1065 Ῥωμαίοις
562 991 665 1059 ἰδιώτην
673 989 813 1059 ἐκκλησίαν
821 998 985 1066 συναγαγεῖν,

213 1077 297 1135 πολλά
322 1077 367 1153 μέν
390 1083 434 1135 τοῦ
457 1076 582 1137 Μινυκίου
596 1076 736 1153 κατηγόρει
752 1078 814 1154 πρὸς
835 1079 879 1134 τὸν
893 1078 984 1151 δῆμον,

212 1168 247 1229 ώς
268 1164 349 1240 όνομοι
365 1166 483 1243 φέροντος
498 1165 580 1241 ἀρχῆς
601 1161 688 1237 μόνον,
704 1162 776 1242 ἔργον
789 1163 816 1219 δέ
834 1162 903 1220 οὐδὲν
917 1166 984 1221 ἀπο·

213 1254 362 1327 δειξαμένου
372 1253 424 1315 τοῖς
441 1252 547 1320 πένησιν
562 1248 706 1328 ὠφέλιμον·
726 1249 810 1307 πολλά
823 1248 849 1307 δέ
863 1249 919 1315 τοὺς
932 1273 982 1307 rra·

212 1340 321 1417 τρικίους
336 1336 456 1395 initalia
472 1337 535 1414 πρὸς
547 1338 589 1393 τὸν
609 1338 701 1411 δῆμον,
713 1339 748 1402 ὡς
762 1341 845 1393 ταῦτα
858 1336 983 1415 πράττον-

211 1450 257 1492 τας
272 1426 301 1500 (s)
313 1426 339 1491 ἐξ
353 1417 387 1483 ών
402 1425 486 1499 ὀλίγος
497 1446 525 1479 τε
536 1424 581 1480 καί
594 1422 693 1488 οὐδενὸς
702 1422 768 1489 ἄξιος
784 1427 797 1480 θ
809 1424 889 1497 δῆμος
900 1422 984 1497 ἔσται,

212 1514 256 1569 καί
268 1511 323 1570 οὐδὲ
337 1511 379 1569 iai
392 1509 503 1589 σιτοδεία
518 1510 640 1588 φροντίδα
653 1512 702 1566 τῶν
715 1508 817 1587 ἀπόρων
827 1508 933 1587 ἔχοντας
942 1513 985 1567 οὐ·

213 1598 304 1673 δεμίαν
328 1597 385 1655 οὔτε
407 1602 480 1675 κοινῇ
500 1596 598 1661 πάντας
612 1596 669 1653 οὔτε
691 1594 743 1675 ἰδίορ
768 1596 825 1661 τοὺς
844 1595 982 1667 δυνατοὺς,

212 1686 319 1741 πάντων
336 1684 380 1759 (ιιι)
394 1684 508 1758 μάλιστα
531 1680 586 1739 δέον
598 1679 689 1747 αὐτοὺς
700 1680 820 1759 χρήμασί
836 1680 920 1738 τεκαὶ
933 1680 984 1737 σώ-

213 1793 302 1847 μασιν,
325 1768 413 1845 ὥσπερ
437 1768 510 1833 αὐτὸς
536 1768 582 1839 δὴ,
603 1772 770 1838 κακοπαθεῖν,
787 1766 833 1825 καὶ
858 1766 984 1824 πάντοθεν

213 1858 357 1930 ἐπεισάγειν
372 1860 403 1933 τῇ
420 1854 493 1912 πολει
505 1853 550 1920 τάς
563 1853 671 1932 ἀγοράς·
683 1853 754 1922 ἠξίου
769 1877 797 1911 τε
810 1852 874 1931 πρὸς
887 1854 919 1910 rii
933 1856 984 1911 τῶν

1028 861 1124 909 senatus
1132 861 1227 912 decreto
1235 866 1361 925 praefectus
1368 880 1470 916 annuum
1479 872 1572 917 creatus
1582 873 1634 919 erat
1642 889 1649 931 ς
1658 871 1744 921 duride
1752 886 1806 921 σεεν

1029 950 1084 999 bras
1095 954 1221 1004 conciones
1231 956 1321 1005 itabens
1334 959 1487 1020 (quanquam
1501 963 1627 1009 conciones
1641 962 1728 1011 babere
1738 965 1806 1026 apud

1029 1054 1149 1101 Romanos
1156 1067 1204 1101 non
1210 1054 1266 1103 lieet
1272 1054 1385 1117 privato),
1393 1057 1678 1120 multiansiuuciumapud
1686 1055 1806 1122 populum

1028 1150 1169 1211 accusabat,
1184 1154 1266 1214 utpote
1277 1153 1319 1213 qui
1332 1167 1420 1203 nounen
1435 1158 1530 1205 butum
1546 1159 1700 1219 magistratus
1713 1173 1762 1221 pree
1777 1175 1806 1210 se

1030 1247 1114 1309 terret,
1123 1261 1182 1310 opus
1190 1251 1331 1312 pauperibus
1338 1252 1396 1301 utile
1404 1253 1515 1303 edidisset
1524 1256 1633 1316 nullum;
1644 1259 1721 1306 natalia
1729 1260 1805 1307 etiam

1029 1348 1053 1394 in
1070 1346 1182 1407 patricios
1193 1347 1267 1407 sevit,
1282 1349 1371 1413 qqippe
1388 1351 1431 1411 qui
1451 1350 1476 1399 id
1494 1356 1591 1413 agerent
1605 1357 1633 1402 ul
1647 1354 1677 1403 ad
1693 1357 1805 1416 paucita-

1029 1450 1078 1497 tem
1086 1443 1201 1505 populum
1211 1443 1342 1506 redigerent
1352 1459 1381 1493 nc
1390 1450 1532 1508 potestatem
1540 1449 1593 1509 ejus
1601 1450 1749 1512 frangerent,
1758 1454 1806 1513 qui

1029 1542 1054 1589 iu
1068 1543 1136 1589 tauta
1148 1554 1250 1590 annonae
1265 1544 1364 1593 semble
1379 1558 1510 1606 pauperum
1528 1560 1612 1595 curam
1631 1561 1663 1596 ne
1678 1550 1806 1598 minimam

1028 1637 1123 1699 quidem
1137 1637 1263 1697 baberent,
1274 1651 1351 1699 neque
1361 1639 1385 1687 in
1394 1642 1517 1689 communi
1529 1654 1626 1703 omues,
1635 1657 1715 1706 neque
1723 1646 1805 1706 pura-

1028 1728 1072 1777 tim
1087 1728 1188 1790 dlvitcs;
1202 1742 1339 1795 quanquam
1354 1732 1461 1780 omniurn
1476 1734 1580 1783 maxime
1593 1734 1638 1784 bos
1652 1737 1805 1798 potissimum

1029 1826 1123 1877 ueoerer
1133 1828 1217 1889 opibus
1225 1828 1274 1877 suis
1282 1832 1306 1877 et
1316 1829 1435 1890 personis,
1446 1831 1482 1878 uti
1491 1830 1541 1893 lpse
1550 1831 1659 1882 videlicet
1668 1871 1676 1895 ,
1685 1834 1744 1883 unul
1753 1850 1806 1885 nors

213 1944 298 1999 ἀλλων
322 1942 384 2019 ἐργα
406 1942 548 2018 πατρικίων
572 1941 605 1998 τά
632 1944 674 2019 ὑφ’
698 1944 789 1997 ἑαυτοῦ
816 1940 984 2017 πραττόμενα
1029 1926 1086 1987 111111
1097 1930 1125 1975 111
1136 1925 1241 1988 ''millu‘’
1250 1927 1495 1977 mmmmm
1504 1930 1722 1981 intmduoe‘fflm‘·
1754 1939 1806 1985 ⁰³⁸

212 2029 350 2103 ἐξετάζειν,
359 2032 393 2094 ire
402 2026 465 2085 πολὺ
476 2027 521 2085 καλ
530 2027 560 2084 τθ
572 2036 623 2083 πᾶν
635 2027 753 2096 ἀλλήλοιν
763 2026 923 2106 διαφέροντα.
937 2028 982 2103 (ll)
1029 2023 1101 2085 nique
1111 2023 1417 2085 11111111111110111111111111
1430 2028 1479 2076 11111
1486 2027 1560 2089 ipsius
1571 2030 1641 2077 1111111
1651 2030 1723 2091 811111
1736 2043 1806 2078 10111·

212 2114 340 2180 ’λῖκείνους
367 2112 413 2189 μὲν
438 2113 488 2191 γὰρ
513 2114 585 2171 οὐδὲν
604 2115 696 2170 ἐκτῶν
711 2112 780 2169 ἰδίων
798 2115 834 2179 είς
853 2112 882 2169 rb
900 2112 984 2169 κοινὸν
1029 2134 1210 2186 paraua,quam
1220 2120 1806 2184 diversoetpianeeontrariasibiosseotderuou·

213 2201 399 2265 ἀναλίσκοντας
415 2200 451 2257 ἐτι
473 2201 517 2258 καὶ
534 2200 582 2270 τὴν
595 2198 722 2275 δημοσίαν
735 2203 784 2276 γῆν
798 2198 984 2279 σφετερισαμέ-
1028 2218 1103 2265 strare
1117 2214 1262 2263 instituebat,
1295 2215 1352 2265 litos
1362 2216 1427 2265 enim
1441 2230 1489 2265 non
1502 2216 1575 2267 medo
1588 2218 1619 2267 de
1634 2220 1721 2268 gurgi„
1740 2234 1806 2269 [ρης.

211 2310 268 2353 1111
288 2286 367 2345 mliv
394 2288 437 2365 (¹²)
458 2286 508 2355 ἤδη
528 2283 934 2371 1111111111’κρόνονηὲαυὸν
957 2282 985 2340 11
1029 2311 1148 2375 pannum
1164 2311 1224 2361 mnu
1239 2311 1388 2374 armauere,
1407 2311 1448 2363 seu
1466 2313 1540 2363 enam
1557 2313 1669 2375 pluma
1688 2328 1806 2377 usurpare

211 2379 262 2433 τῶν
275 2374 405 2449 δημοσίων
413 2374 484 2431 οὐδὲν
495 2372 588 2451 ἔχοντα
602 2372 640 2430 ἔτι
652 2372 696 2429 καί
707 2372 754 2442 τὴν
766 2369 889 2452 πατρῴαν
902 2393 985 2427 κατα·

211 2464 331 2538 χορηγεῖν
344 2462 431 2519 οὐσίαν
440 2463 474 2525 είς
490 2460 609 2537 βοήθειαν
622 2462 672 2517 τῶν
685 2458 802 2537 ἀπόρων·
822 2458 866 2515 καὶ
880 2456 984 2515 ἐπειδὰν

211 2547 245 2603 ad
257 2548 318 2607 όντα
333 2547 507 2625 καταναλώσῃ
518 2592 525 2617 ,
543 2547 704 2621 δανείσματα
716 2550 844 2603 ποιεῖσθαι
859 2544 931 2623 παρὰ
942 2546 983 2622 φί-

212 2634 273 2705 λων,
285 2636 356 2693 οθδὲν
368 2636 414 2713 (1³)
430 2632 729 2709 ἀντικαταλλαττόμενοι
743 2637 789 2702 τῆς
801 2632 927 2701 τοσαύτης
942 2654 983 2710 φι-

211 2720 330 2794 λοτιμίας
345 2723 383 2778 ότι
405 2720 441 2795 μὴ
461 2719 508 2789 τὴν
521 2718 654 2787 πολιτικὴν
669 2718 778 2789 εὔνοιαν,
792 2710 822 2787 ἧς
834 2716 890 2775 οὐδὲ
903 2718 945 2775 τθν
958 2716 983 2783 ἐξ

213 2804 354 2883 ἀνθρώπων
374 2808 483 2861 πλοῦτον
506 2809 624 2879 ἡγεῖσθαι
643 2801 803 2879 τιμιώτερον.
819 2804 853 2861 Ol
876 2800 903 2859 δέ
924 2802 984 2880 περὶ

213 2893 289 2947 αὐτὸν
302 2894 456 2955 συνεστῶτες
466 2888 506 2945 άεί
523 2894 627 2965 σωτῆρα
643 2888 687 2945 καὶ
700 2886 801 2967 πατέρα
817 2886 862 2944 καί
875 2888 982 2957 κτίστην

213 2976 358 3034 ἀπεκάλουν
375 2976 419 3055 (ii)
435 2981 480 3047 τῆς
497 2975 631 3053 πατρίδος·
652 2972 696 3031 καί
716 2973 763 3042 τὴν
787 2972 832 3049 μέν
854 2978 982 3043 ὑπατικην

1028 2419 1108 2467 agros,
1120 2420 1152 2455 en
1165 2406 1241 2467 iisque
1253 2420 1267 2454 a
1278 2406 1354 2454 multo
1369 2404 1425 2454 inde
1439 2408 1547 2467 ternpore
1558 2407 1650 2455 tructus
1663 2408 1785 2470 percipere
1796 2427 1805 2469 ;

1028 2512 1054 2547 se
1065 2510 1120 2545 nero
1133 2510 1181 2545 non
1194 2496 1266 2545 ruodo
1278 2497 1337 2546 nibil
1349 2497 1405 2545 boni
1419 2498 1506 2559 publici
1519 2498 1619 2557 habere,
1632 2499 1676 2547 sed
1691 2504 1807 2560 paternos

1028 2588 1099 2637 esiam
1108 2600 1164 2649 opes
1174 2600 1270 2649 erogare
1280 2588 1305 2636 in
1314 2588 1430 2637 auxilium
1439 2588 1588 2651 indigorum5
1600 2593 1624 2639 ct
1634 2590 1751 2640 exhausta
1761 2594 1806 2642 be·

1029 2676 1129 2723 reditate
1138 2676 1249 2736 munias
1262 2677 1358 2723 mutuos
1370 2675 1401 2723 ob
1416 2675 1500 2725 amicis
1514 2690 1565 2726 ease
1577 2681 1748 2739 sumpturum,
1760 2694 1806 2728 nec

1028 2766 1157 2829 quidquam
1167 2781 1211 2829 pro
1222 2770 1290 2816 lanta
1298 2767 1440 2817 liberalitate
1452 2781 1478 2816 sc
1487 2772 1568 2830 petere
1575 2773 1661 2831 practer
1670 2773 1752 2832 populi
1765 2773 1806 2821 be·

1028 2862 1200 2923 nescientiam,
1209 2874 1281 2923 quarn
1291 2860 1402 2911 omnibus
1415 2861 1504 2910 divitiis
1513 2862 1623 2912 humanis
1629 2864 1804 2925 praeterendum

954 2973 962 2996 1
1029 2974 1078 3009 esse
1086 2962 1200 3009 censeret.
1213 2962 1273 3008 'ium
1288 2959 1467 3009 circumstantes
1479 2961 1623 3008 servatorem
1639 2962 1664 3009 et
1674 2963 1767 3021 patrem
1778 2966 1805 3010 et

211 3062 326 3128 ἐξουσγα,
342 3064 465 3120 Mum
478 3061 554 3140 χάρη,
568 3060 584 3129 ἢ
597 3060 664 3117 κατὰ
678 3059 706 3116 τὸ
722 3059 825 3136 ρεφερ,ς
838 3064 888 3117 τῶ,
902 3060 982 3138 ἔργω,
1028 3050 1174 3100 oorrdilorem
1180 3051 1649 3113 patriaeappellitare,atqueoonsulsrero
1659 3054 1803 3113 potesleteun

212 3152 292 3207 αὐτοῦ
315 3148 467 3225 γενήσεσθαι
493 3148 607 3205 δοθεῖσαν
633 3145 781 3225 ἀπέφαινον,
799 3146 866 3223 άλλη
887 3146 914 3202 δέ
933 3170 983 3202 τινι
1028 3144 1235 3191 (111111111ῑῦοΜ
1252 3142 1664 3203 1011111111111111111111111111111
1681 3146 1803 3205 1111811111·

211 3236 308 3311 μείζονι
322 3236 366 3293 καί
380 3238 490 3313 λαμπρᾷ
503 3238 565 3311 τιμῇ
581 3241 687 3305 κοσμεῖν
699 3232 785 3303 ἠξίουν
799 3234 884 3303 αὐτὸν,
897 3232 982 3301 ἦνκαὶ
1027 3234 1081 3283 dine
1090 3234 1262 3295 godomaris
1270 3232 1410 3294 quibusdam
1421 3232 1806 3298 majoribussplcudidioribusquc

210 3324 240 3379 τὸ
251 3322 320 3398 γένος
335 3320 383 3389 ἐξει
405 3323 435 3379 τό
449 3321 474 3387 ἐξ
491 3318 598 3378 ἐκείνου.
613 3319 661 3384 Ὡς
675 3321 701 3376 δὲ
715 3319 759 3377 καλ
772 3318 819 3387 τὴν
830 3318 917 3397 τρίτην
927 3318 982 3385 ἔξο-
1026 3324 1160 3373 ornandum
1169 3324 1371 3385 bonoribusesse,
1386 3323 1549 3385 quietinmad
1563 3327 1695 3387 prosapiam
1706 3328 1804 3387 ojames-
1906 3365 1907 3368 ,

211 3410 252 3467 δον
267 3408 439 3483 ποιησάμενος
457 3406 500 3465 ἐπὶ
519 3404 552 3463 τά
572 3406 772 3483 παραθαλάττια
788 3411 834 3475 τῆς
857 3404 981 3475 Ἰταλίας,
1028 3420 1080 3467 seut
1090 3418 1235 3477 perventuri.
1254 3418 1301 3466 Ubi
1311 3417 1422 3478 deinceps
1429 3418 1502 3465 etiam
1514 3418 1584 3465 tertio
1599 3418 1681 3467 itinere
1692 3420 1717 3467 iu
1729 3420 1802 3468 mari·

210 3493 239 3551 ἐκ
255 3518 282 3551 τε
297 3495 388 3569 Κύμης
400 3494 445 3551 καὶ
459 3497 510 3550 τῶν
520 3492 580 3571 περὶ
598 3493 715 3561 Μίαηνον
727 3492 838 3567 λιμένων
862 3491 981 3567 σιτηγοὺς
1028 3504 1085 3551 tima
1097 3503 1301 3563 ltaliaesuscepto,
1311 3515 1325 3550 e
1336 3504 1453 3550 cumaeae
1463 3502 1545 3551 bliseni
1557 3502 1672 3564 [omnbus
1682 3516 1737 3552 curo
1750 3506 1802 3553 iru-

211 3582 325 3645 ὁλκάδας
342 3581 412 3657 αίγων
425 3579 523 3643 πολλίις
542 3578 715 3636 κατέπλευσεν
730 3580 764 3643 εἰς
779 3576 897 3651 Ὠστίαν,
910 3576 923 3634 θ
937 3582 982 3646 τῆς
1028 3588 1149 3637 meutariis
1159 3589 1259 3637 bombus
1270 3588 1378 3650 plurimis
1388 3589 1412 3637 lo
1423 3588 1529 3648 ostiam,
1544 3588 1609 3650 quod
1620 3592 1702 3639 Romae
1714 3592 1801 3640 navale

211 3665 317 3741 Ῥώμης
330 3666 398 3724 ἐστὶν
409 3666 529 3734 ἐπίνειον,
542 3664 586 3722 καὶ
599 3664 745 3733 κατέπλησε
755 3666 798 3739 (ιο)
810 3672 865 3729 ταῖς
877 3673 982 3743 τροφαῖς
1026 3678 1076 3735 est,
1088 3676 1247 3737 innauigaret,
1257 3688 1285 3723 ac
1294 3678 1361 3724 touta
1369 3688 1469 3723 annouae
1480 3677 1547 3737 copia
1558 3676 1642 3725 urbem
1652 3677 1762 3739 repleret,
1773 3681 1802 3726 ut

211 3753 256 3823 τὴν
268 3756 356 3829 πόλιν,
372 3756 406 3819 ώς
424 3751 505 3827 μηδὲν
515 3750 552 3808 ἐτι
569 3755 614 3820 τῆς
628 3750 737 3829 ἀρχαίας
751 3750 883 3829 εὐετηρίας
897 3750 982 3829 διαφέ·
1026 3762 1084 3810 nibil
1095 3763 1199 3824 pristinu
1208 3764 1367 3823 proventuum
1375 3761 1492 3809 solicitatis
1500 3762 1602 3823 amplius
1610 3762 1799 3811 desideraretur:

208 3862 271 3917 ρειν,
286 3840 354 3907 ἅπας
379 3840 486 3914 θδῆμος
504 3838 603 3913 ἕτοιμος
621 3829 664 3912 ἦν,
685 3840 707 3894 εί
721 3836 818 3913 γένοιτο
832 3842 877 3906 τῆς
895 3836 982 3915 ψήφου
1026 3851 1079 3896 turn
1091 3862 1148 3897 vero
1160 3848 1261 3910 populus
1271 3849 1397 3896 universus
1407 3847 1572 3909 pollicebatur,
1582 3848 1678 3909 quaudo
1689 3849 1714 3896 in
1724 3850 1800 3909 magi·

209 3927 294 4005 κύριος
308 3927 349 3983 ἐπ’
365 3925 556 4004 ἀρχαιρεσίαις,
569 3922 620 3981 εἴτε
635 3922 758 3981 ὑπατείαν
770 3924 819 3981 εἴτε
836 3920 981 3993 άλληντινά
1027 3936 1145 3983 stratuum
1153 3935 1267 3983 electione
1276 3946 1348 3995 penes
1357 3934 1434 3994 ipsum
1444 3933 1646 3994 sullrogiaessent,
1657 3936 1706 3983 sire
1715 3948 1800 3984 eonsu-

210 4012 288 4085 τιμὴν
304 4012 399 4088 μετίοι,
413 4010 520 4087 μηδενός
534 4011 748 4089 ἐπιστρεφόμενος
761 4010 805 4087 (ro)
822 4008 888 4085 μήτε
901 4008 980 4083 νόμου
1026 4020 1100 4068 larem
1109 4020 1237 4069 sivealiam
1246 4032 1423 4081 quamcumque
1432 4018 1676 4081 Spuriusdiguitatem
1684 4021 1800 4078 aunbiret,

208 4098 350 4162 κωλύοντος
378 4098 439 4169 μήτ’
471 4096 560 4176 ἀνδρὸς
590 4095 799 4169 ἐναντιουμένου,
815 4096 978 4174 χαρίζεσθαι.
1026 4107 1133 4168 bonose,
1146 4106 1205 4155 uiuit
1217 4108 1341 4155 curantem
1351 4119 1428 4167 neque
1436 4106 1499 4167 legis
1507 4108 1616 4155 velantes
1628 4120 1707 4167 neque
1717 4107 1798 4156 borni-

209 4186 301 4241 Ταῦτα
321 4188 429 4261 δρῶντες
449 4186 472 4240 οἱ
497 4182 683 4260 προεστηκότες
702 4187 747 4253 τῆς
768 4181 980 4260 ἀριστοκρατίας,
1025 4192 1474 4254 ueeobstrepentss,eigratilicaturum
1482 4205 1540 4241 csse.
1555 4191 1799 4255 liteovidenteeopli·

208 4268 255 4325 καλ
275 4268 334 4325 οὔτε
356 4266 500 4339 ἐπιτρέπειν
516 4268 642 4334 ἀξιοῦντες
665 4266 722 4325 οὔτε
745 4266 852 4325 κωλύειν
872 4266 980 4343 δύναμιν
1025 4266 1124 4327 matium
1138 4278 1254 4340 principes
1269 4292 1345 4341 quum
1366 4290 1445 4340 neque
1464 4278 1593 4327 concedere
1610 4279 1698 4327 edient
1719 4294 1800 4341 nerpre

208 4356 323 4433 ἔχοντες,
338 4357 364 4410 έν
378 4356 460 4431 πολλῇ
477 4354 573 4419 πάντες
585 4346 652 4424 ἦσαν
667 4354 777 4432 ἀθυμία·
791 4352 835 4411 καί
856 4353 892 4411 ἔτι
909 4354 979 4428 μᾶλ-
1024 4367 1119 4423 possent
1129 4364 1258 4426 impedire,
1268 4365 1293 4413 in
1305 4378 1399 4414 summa
1411 4378 1494 4413 omues
1505 4364 1659 4426 perplexitate
1668 4367 1798 4415 vusaban·

208 4444 252 4499 λον
269 4440 487 4519 διεταράχθησαν,
502 4442 589 4511 ἐπειδὴ
604 4440 753 4497 κωλυόντων
769 4439 905 4510 ἐκκλησίας
919 4462 979 4497 συν·
1024 4454 1073 4501 tur.
1105 4452 1244 4501 Acmoniu
1260 4451 1415 4513 majusauctn
1429 4450 1565 4501 animorum
1579 4454 1798 4513 muueuauaest,

208 4528 279 4607 άγειν
307 4526 383 4585 αθτθν
409 4527 452 4585 καί
475 4528 631 4606 δημηγορεῖν
653 4532 704 4585 τῶν
725 4552 752 4587 τε
773 4530 915 4607 δημάρχων
934 4528 980 4587 καί
1024 4538 1065 4587 ubi
1081 4537 1188 4587 tribunos
1207 4540 1375 4601 consulesque,
1393 4552 1425 4587 ue
1441 4541 1567 4588 muniones
1586 4540 1680 4589 Mullus
1697 4541 1799 4589 baberet

207 4614 323 4687 ὑπάτων,
336 4613 489 4694 συστραφείς
508 4618 521 4672 ὁ
533 4617 614 4689 δῆμος
627 4616 738 4683 ἐκείνους
750 4615 797 4691 μὲν
814 4615 935 4683 ἐξέθαλεν
948 4620 978 4673 ἐκ
1023 4624 1192 4686 prohibituros,
1202 4638 1216 4674 e
1226 4626 1276 4674 loro
1288 4626 1354 4689 plebs
1362 4626 1511 4674 tumultuans
1520 4624 1598 4686 ejecit,
1606 4638 1682 4687 eoque
1690 4628 1796 4675 multum

207 4796 244 4840 ρος
260 4779 300 4827 ἐτι.
310 4780 368 4827 Dein
378 4779 431 4826 cod.
442 4780 630 4841 ὺπεριαανίας.-
638 4786 661 4831 9.
671 4781 860 4843 πράττοντας]
870 4782 1009 4844 πράττοντες
1024 4785 1049 4831 et
1063 4796 1121 4830 mox
1138 4783 1228 4845 ὀλίγους
1245 4783 1331 4832 codex.
1340 4809 1371 4818 -
1383 4790 1419 4833 10.
1438 4782 1564 4845 πάντων]
1574 4785 1658 4839 παντὸς
1670 4784 1754 4833 codex.
1766 4814 1798 4825 -

211 4856 247 4898 11.
257 4852 311 4898 Post
325 4860 406 4896 vocem
416 4848 549 4909 διαφέροντα
560 4850 584 4897 iu
595 4850 677 4897 eadem
690 4850 752 4899 linea
761 4854 894 4911 sequuntur
905 4869 911 4898 ι
924 4852 984 4911 μετὰ
994 4853 1018 4899 δὲ
1028 4852 1111 4914 τρεῑςῆ
1121 4853 1229 4913 τέτταρας
1240 4853 1264 4899 ct
1276 4852 1367 4912 reliqua
1382 4852 1521 4913 Polybiane,
1532 4866 1587 4915 quse
1597 4851 1706 4901 uelimus
1715 4866 1796 4915 supra.

209 4924 218 4963 ι
229 4919 367 4967 ontinentur
376 4918 428 4965 brec
439 4917 513 4965 nostri
524 4917 611 4967 codicis
625 4918 693 4968 lineis
708 4924 755 4979 ⁵3,
767 4934 822 4981 qure
833 4920 857 4968 in
868 4919 965 4976 codice,
978 4934 1009 4968 en
1020 4935 1068 4982 quo
1081 4924 1161 4967 nostra
1176 4920 1293 4981 descripto
1304 4924 1375 4981 sunt,
1385 4934 1459 4968 unum
1471 4922 1601 4983 implebant
1613 4922 1703 4970 lolium.
1714 4924 1796 4975 codex

207 4994 288 5039 lssscor.
299 4987 395 5049 singulis
405 4987 546 5037 lolilslineds
554 4988 675 5051 sexmilia
691 4990 805 5038 continet.
815 5016 846 5026 —
856 4997 891 5039 12.
906 4988 1012 5051 πολὺν]
1029 4993 1141 5047 πολλὴν...
1158 4992 1240 5039 ἑαυτὸν
1257 4992 1281 5039 δὲ
1296 4992 1337 5047 τὴν
1355 4990 1491 5050 δημοσίων..
1502 4996 1676 5054 καταχωρηγεῑν
1694 4992 1748 5041 bod.
1765 5022 1796 5030 —

210 5064 238 5107 1³
254 5056 357 5120 οὐδὲν]
366 5058 430 5106 cdliv
449 5056 636 5107 ntandei·
648 5058 1243 5121 14.ἀπεκ]ἀποκουθεκςιιιοιὲλάττωναίιλ-
1256 5067 1291 5109 lb.
1303 5060 1481 5124 κατέπλησε]
1495 5062 1598 5110 ώοτίαν..
1609 5061 1715 5110 ἐπίνοσα.
1727 5066 1794 5113 κατέ·

207 5144 282 5177 παυσε
292 5128 374 5177 ctrdex.
384 5154 415 5164 —
427 5134 462 5177 ld.
474 5128 726 5191 ἐπιστρεφόμενος]
737 5130 893 5190 ἐπιτρέποντος
903 5128 956 5176 cod.
