3834 5767
656 355 1184 417 ,vitaehllraaoltuura-
1654 371 1708 421 28¹
1805 371 1808 376 ’
1868 423 1873 430 ,

167 487 242 546 Idem
251 488 322 544 ibid.
335 489 430 561 paullo
444 497 507 561 post
524 505 531 542 :
547 484 592 542 Ἐν
608 481 634 541 δὲ
649 485 701 548 τοῖς
712 483 772 562 περὶ
782 482 826 541 τὸν
838 484 891 562 βίον
977 488 1177 542 ιΜυνιοιιιίυιιι
1184 487 1473 542 estAtlrenaeumsuae
1482 485 1631 542 Plutarcho
1642 491 1714 544 liau-

131 573 161 630 τὰ
171 572 215 648 μίν
226 572 292 630 ἀλλα
305 571 422 641 εὔκολον,
433 573 478 628 καί
492 577 585 650 μικρᾶς
597 569 715 646 δεόμενον
728 573 893 648 παρασκευῆς
935 575 1015 641 sisse,
1026 593 1109 646 quem
1118 593 1324 646 nonnunquam
1333 592 1481 647 suppresso
1488 576 1713 630 nominedesrri·

133 663 163 726 εἰς
174 659 204 717 ab
218 662 273 718 καθί
287 659 386 737 ἡμέραν
397 663 562 736 γεγενῆσθαι·
576 656 639 733 πρὸς
651 657 677 714 δὲ
688 656 735 725 τὴν
753 661 803 713 τῶν
816 661 893 735 ἀρρο-
937 660 992 727 bit,
1002 662 1080 732 eujus
1090 664 1132 715 rei
1141 664 1196 716 hoc
1211 679 1328 733 quoque
1342 663 1406 713 loco
1416 661 1552 715 habemus
1566 662 1713 728 indicium,

130 747 209 804 δισίων
225 749 319 825 χρῆσιν
337 747 507 828 σροδρότερον
529 743 576 819 μὲν
598 735 676 813 εἶναι,
699 742 799 800 ἀδικίαν
814 740 840 802 il
855 742 892 818 μδ,
937 742 1016 817 quod
1034 746 1071 800 de
1090 766 1121 802 re
1137 749 1226 802 aliena
1246 749 1413 801 Plutarchus
1433 747 1452 803 l.
1475 767 1498 802 ο.
1519 749 1712 804 Callisthenem

130 837 267 910 προσεῖναι·
279 831 296 901 ἢ
306 832 356 912 γὰρ
369 841 425 896 ταῖς
438 831 564 908 γαμεταῖς
579 829 662 898 ἣταῑς
673 829 769 894 κοιναῖς
780 833 892 907 χρῆσθαι
938 832 990 904 (t‘r.
1010 831 1059 904 ιθ)
1076 834 1185 900 laudat;
1198 834 1276 905 cujus
1287 853 1391 888 nornen
1405 834 1553 889 Athenaeus
1566 853 1582 889 e
1595 837 1713 907 propin-

129 919 218 992 μόναις.
937 937 995 992 quo
1006 921 1140 992 arripuit,
1151 932 1179 974 et
1187 939 1252 975 cum
1263 923 1406 975 Demetrio
1415 920 1550 976 Phalereo
1560 925 1714 993 ceterisque

481 1051 527 1104 29·
937 1006 1092 1077 conjunxit.
1111 1031 1124 1055 ν
1134 1010 1246 1064 liaeus.
1258 1008 1345 1062 -Cf.
1361 1009 1444 1081 Diog.
1455 1011 1489 1062 L.
1499 1009 1542 1074 II,
1556 1009 1593 1062 26
1603 1019 1631 1062 et
1642 1011 1714 1063 Por-

163 1143 300 1198 pqumch·
318 1141 432 1198 χώρα,
448 1162 474 1198 c·
491 1160 526 1210 27
544 1161 550 1194 :
567 1137 714 1214 Δημήτριος
729 1141 743 1194 ὁ
754 1137 892 1215 Φαληρεὺς
936 1093 1020 1192 Ρίιγτ,
1036 1093 1090 1192 1.,1.
1112 1096 1253 1167 Diogenes
1278 1096 1372 1166 Myrto
1395 1094 1480 1148 liliam
1501 1094 1630 1150 Aristidis
1643 1097 1712 1149 Justi

128 1229 167 1286 ιρι
184 1223 334 1306 mmm
354 1231 368 1286 ὁ
389 1225 488 1290 Ῥόδιος
511 1225 556 1283 καὶ
577 1223 745 1304 Ἀριστόξενος
767 1229 781 1282 ὁ
802 1246 892 1298 μουσι-
937 1179 1021 1254 drcrt,
1038 1182 1089 1234 nrsi
1104 1181 1177 1235 forte
1196 1180 1299 1235 menda
1320 1192 1361 1234 est
1380 1181 1571 1238 librariorum.
1594 1183 1712 1237 Omnem

143 1317 149 1334 ,
215 1315 245 1337 „
482 1314 506 1335 Μ
548 1312 554 1332 ,
631 1310 675 1332 „
740 1311 747 1332 ,
935 1265 1012 1320 branc
1034 1267 1129 1320 locum
1152 1269 1294 1322 uberrime
1317 1277 1419 1322 tractat
1438 1270 1571 1323 Lucazius
1587 1270 1617 1322 in
1635 1269 1711 1323 libro

126 1337 165 1382 νιος
182 1339 225 1374 au
241 1314 417 1393 Αριστοτελης
427 1315 465 1390 (εί
480 1329 511 1382 οη
531 1335 561 1370 το
576 1315 642 1389 Περι
652 1334 778 1386 ιυγενειας
793 1311 892 1388 βιθλίον

133 1403 138 1416 ,
183 1402 196 1414 .
287 1400 293 1420 Ι
341 1399 349 1420 ,
592 1399 599 1418 ,
740 1404 756 1418 „
876 1396 883 1418 ς
936 1355 980 1406 De
994 1354 1116 1428 bigamia
1128 1355 1289 1426 Socratisp.
1304 1353 1339 1418 54
1353 1373 1415 1429 sqq.

128 1425 151 1458 ιν
159 1424 206 1468 τοις
215 1423 331 1476 γνησωις
347 1399 532 1478 Αριστοτελους
543 1399 644 1476 θετεον)
655 1399 785 1474 ίστορουσι
795 1401 893 1476 Μυρτω

126 1487 272 1566 θυγατριδῆν
283 1485 439 1565 Ἀριστείδου
449 1484 584 1563 Σωκράτει
593 1487 631 1563 τῷ
643 1487 715 1564 σορῷ
727 1488 891 1554 συνοικῆσαι,
1283 1482 1330 1539 31.

127 1578 225 1648 γυναῖκα
243 1571 293 1648 μὲν
305 1571 394 1650 ἑτέραν
409 1571 509 1650 ἔχοντι,
523 1571 625 1642 ταύτην,
633 1569 656 1628 δ’
670 1568 827 1628 ἀναλαὸθντι
841 1592 891 1647 χη-
976 1613 1074 1667 Euseb.
1097 1615 1142 1668 pn
1158 1616 1209 1668 Ev·

127 1659 241 1734 ριίιουοαν
262 1657 307 1716 διδ
321 1659 411 1716 πενίαν
429 1658 475 1718 καί
497 1663 548 1716 τῶν
568 1657 717 1735 ἀναγκαίων
731 1656 892 1732 ἐνδεομένην.
978 1701 983 1711 .
1150 1703 1156 1713 ,
1232 1615 1292 1715 xl]
1310 1613 1555 1713 3¹1⁰¹¹lf¹⁵l⁰⁰l¹⁸
1571 1633 1658 1686 ⁰I'ere
1676 1614 1712 1667 de

796 1747 809 1761 .
882 1744 888 1766 ,
936 1701 1037 1772 philos.
1050 1701 1191 1756 Platonica
1205 1703 1282 1756 :Nisi
1296 1701 1401 1768 divina,
1417 1711 1466 1769 art,
1476 1719 1556 1774 prius
1568 1712 1712 1774 perspecta

127 1743 188 1821 υίὸς
201 1743 246 1852 ldl
259 1735 306 1854 ⁰33
318 1745 422 1811 τούτους
436 1747 531 1812 ἱκανῶς
543 1748 557 1802 ὁ
570 1744 710 1810 Παναίτιος
724 1745 751 1802 ἓν
768 1768 820 1810 τοις
833 1767 893 1822 περ*
937 1796 965 1838 et
980 1787 1093 1859 cognita
1111 1787 1276 1854 habeamus,
1290 1786 1439 1858 praevideri
1461 1805 1479 1840 a
1497 1787 1582 1840 nobis
1593 1789 1713 1841 humana

125 1833 274 1911 Qm‘
287 1831 444 1911 “mll'lm'
936 1890 997 1926 non
1008 1885 1133 1944 possunt.
1146 1870 1222 1940 Φησὶ
1234 1873 1257 1929 δ’
1273 1869 1444 1947 Ἀριστόξενος
1455 1874 1469 1927 ὁ
1489 1871 1610 1946 μουσικὸς
1624 1871 1712 1931 Ἰνδῶν

486 1937 535 1995 3⁰·
937 1946 1004 2013 eluat
1015 1955 1058 2014 τὸν
1072 1957 1147 2034 λόγον
1160 1963 1266 2016 τοῦτον·
1279 1957 1400 2027 Ἀθήνησι
1411 1957 1462 2035 γίιρ
1472 1960 1587 2035 ἐντυχεῖν
1601 1958 1711 2034 Σωκρά·

160 2047 306 2102 limnaeus
321 2047 407 2114 XIII,
420 2065 449 2120 p.
472 2045 545 2119 555,
557 2049 583 2102 D
601 2065 607 2100 :
627 2043 676 2104 Ἐκ
689 2042 785 2100 τούτων
799 2031 842 2100 aba
857 2065 894 2109 τις
937 2067 976 2101 τει
988 2047 1039 2100 τῶν
1051 2045 1151 2123 ἀνδρῶν
1161 2045 1266 2102 ἐκείνων
1287 2043 1332 2102 ἕνα
1347 2046 1420 2119 τινὰ,
1430 2044 1542 2102 κᾶπειτα
1555 2049 1634 2102 αὐτοῦ
1646 2067 1711 2102 που·

128 2130 266 2208 θρμιθμενος
276 2129 405 2209 μέμψαιτ’
414 2131 446 2187 ἀν
454 2131 513 2196 aab<
522 2131 696 2210 περιτιθέντας
706 2131 841 2210 Σωκράτει
849 2131 894 2190 δύο
913 2123 916 2160 ¹
938 2129 1075 2202 θάνεσθαι,
1090 2131 1117 2188 τί
1139 2135 1219 2188 ποιῶν
1242 2129 1409 2210 ριλοσοροίη·
1427 2137 1472 2188 τοῦ
1487 2133 1509 2188 δ’
1531 2131 1659 2203 εἰπόντος,
1673 2132 1712 2189 ὅτι

124 2217 229 2292 γαμιτδς
252 2219 394 2292 γυναῖκας,
419 2219 577 2289 Ξανθίππην
602 2219 646 2276 καὶ
668 2218 715 2288 τὴν
736 2218 892 2297 Ἀριστείδου
913 2171 917 2302 l
936 2220 1021 2285 ζητῶν
1032 2217 1091 2296 περὶ
1102 2223 1148 2276 τοῦ
1161 2217 1320 2294 ἀνθρωπίνου
1331 2217 1402 2294 βίου,
1415 2218 1596 2292 καταγελάσαι
1605 2219 1649 2275 τὸν
1661 2218 1712 2276 Ἰν-

125 2303 228 2384 θίυρτθι,
241 2307 273 2364 οθ
292 2311 337 2364 τοῦ
353 2304 460 2364 Λυταίου
478 2303 637 2380 καλουμένου
650 2307 686 2378 ίοί
700 2302 750 2381 γάρ
762 2305 850 2382 χρόνοι
864 2305 892 2361 οὐ
913 2307 915 2336 ¹
937 2301 993 2376 δὸν,
1010 2302 1119 2379 λέγοντα
1133 2303 1171 2379 μὴ
1186 2303 1311 2362 δύνασθαί
1321 2326 1379 2361 τινα
1390 2302 1423 2360 τί
1436 2305 1584 2382 ἀνθρώπινα
1597 2305 1711 2362 κατιδεῖν

125 2393 331 2470 συγχωροῦσιν),
346 2391 414 2448 ἀλλὰ
433 2397 477 2450 τοῦ
497 2392 584 2470 τρίτου
605 2393 649 2448 ἀπ’
663 2392 773 2449 ἐκείνου·
794 2391 843 2448 alal
866 2389 892 2448 δὲ
937 2388 1079 2465 ἀγνοοῦντά
1090 2413 1119 2466 γε
1130 2389 1163 2448 alr
1178 2393 1244 2452 θεῖοι.

126 2477 312 2549 Καλλισθένης,
324 2477 472 2558 Δημήτριος
486 2482 500 2536 θ
513 2477 664 2556 Φαληρεὺς,
681 2477 796 2556 Σάτυρος
810 2481 823 2534 δ
839 2481 892 2538 Πε-

124 2563 482 2641 ριτατητικὸς,Ἇριστο’ξινος·
492 2557 527 2631 οἷς
535 2565 563 2622 τὸ
574 2566 705 2640 ἐνδόσιμον
716 2563 893 2642 Ἀριστοτέλης
988 2613 993 2624 .

123 2651 224 2722 ἔδωκεν,
239 2655 356 2728 ἱστορῶν
372 2659 447 2712 τοῦτο
466 2655 492 2711 ίν
507 2655 544 2730 τῷ
570 2652 635 2732 ΙΙιρί
651 2651 791 2728 εὐγενείας·
807 2653 830 2708 εί
853 2649 889 2725 μὴ
975 2651 1068 2707 Sclrol.
1088 2652 1119 2704 in
1136 2653 1247 2709 Platon.
1269 2653 1392 2724 Apolog.
1406 2670 1436 2725 p.
1454 2650 1510 2704 330
1534 2651 1581 2710 ed.
1602 2651 1709 2715 Bou:

124 2737 168 2817 ἀρα
178 2739 413 2817 συγκεχωρημένον
425 2739 493 2797 κατά
503 2739 627 2819 ψήρισμα
638 2745 713 2797 τοῦτο
723 2738 824 2814 ἐγένετο
835 2737 892 2796 τότε
936 2725 1019 2801 oio<
1032 2739 1046 2792 ὁ
1059 2732 1164 2801 Ἄνυτος
1176 2735 1342 2812 Ἀνθεμίωνος
1358 2728 1389 2807 ἧν
1405 2735 1470 2807 υίὸς,
1485 2735 1615 2805 Ἀθηναῖος
1623 2735 1711 2811 γίνος,

123 2823 161 2880 διδ
181 2825 271 2884 σπάνιν
292 2823 434 2902 ἀνθρώπων
440 2871 448 2896 ,
462 2822 523 2882 ὥστ’
535 2824 627 2890 ἐξεῖναι
643 2823 688 2882 καί
704 2823 749 2882 δύο
762 2823 830 2902 ἔχειν
843 2847 891 2901 γυ-
937 2821 1102 2881 Ἇλκιόιάδου
1117 2822 1242 2900 ipsos-le,
1257 2823 1380 2889 πλούσιος
1397 2822 1423 2890 ἐξ
1443 2823 1643 2901 βυρσοδεψικῆς·
1655 2820 1711 2880 θθεν

124 2912 205 2978 νοιῖκας
223 2911 266 2971 τὸν
290 2911 463 2990 βουλόμενον·
486 2909 541 2968 ὅθεν
553 2911 598 2968 καί
619 2908 676 2975 τοὺς
695 2913 741 2980 τῆς
753 2909 891 2988 κωμῳδίας
935 2909 981 2966 καὶ
993 2911 1179 2985 σκωπτόμενος
1188 2911 1238 2968 ὑπὸ
1254 2910 1410 2989 Σωκράτους
1425 2910 1467 2967 διὰ
1483 2915 1610 2967 τοῦτο.....
1623 2909 1711 2967 ἔπεισε

124 2997 223 3068 ποιητίις
237 3000 427 3068 ἀποσιωπῆσαι
444 3003 533 3068 τοῦτο,
547 2997 671 3064 πολλάκις
682 3002 726 3053 τοῦ
738 2995 893 3072 Σωκράτους
936 3001 1021 3075 μισθῷ
1035 2997 1158 3068 Μέλητον
1171 2998 1290 3064 ἀσεθείας
1303 2995 1405 3078 γραφὴν
1416 2999 1502 3055 δοῦναι
1515 2995 1584 3054 κατδι
1602 2997 1711 3076 Σωκρά-

125 3082 339 3159 μνημονεθοντας·
360 3083 486 3162 παρέθετο
500 3083 526 3141 δὲ
541 3084 600 3162 περὶ
619 3086 670 3141 τῶν
691 3087 819 3159 γυναικῶν
841 3083 892 3164 ψή-
935 3106 1001 3148 τους.
1022 3082 1163 3160 Μέμνηται
1185 3084 1284 3152 Λυσίας
1297 3087 1324 3142 ἐν
1339 3085 1495 3162 Σωκράτους
1515 3082 1644 3164 ἀπολογίᾳ
1664 3085 1709 3142 καὶ
1742 3095 1746 3105 ’

124 3190 199 3245 ρισμα
218 3169 374 3248 Ἱερώνυμος
390 3173 404 3226 θ
419 3167 530 3234 Ῥόδιος·
549 3171 653 3227 ἀντεῖπε
673 3169 699 3226 δὲ
720 3169 774 3234 τοῖς
791 3169 893 3244 λέγουσι
936 3171 1059 3249 Ξενορῶν
1083 3171 1178 3248 ὁμοίως
1211 3171 1256 3229 καί
1286 3171 1456 3250 Ἀριστόξενος
1482 3173 1509 3228 ἐν
1535 3174 1573 3246 τῷ
1602 3170 1712 3248 Σωκρά·

124 3258 236 3335 περὶτῶν
248 3257 409 3336 Σωκράτους
422 3261 550 3334 γυναικῶν
565 3255 705 3322 Παναίτιος
719 3260 733 3313 θ
745 3255 851 3323 Ῥόδιος.
935 3279 996 3324 τους
1014 3257 1072 3336 βίῳ.

1287 2513 1320 2569 31
1337 2533 1362 2570 a.

124 3423 160 3471 sed
172 3425 216 3473 boo
228 3427 321 3474 allecta
331 3437 473 3472 succemum
483 3424 577 3472 nullum
590 3424 688 3472 omniuo
701 3437 807 3472 servasse
816 3423 888 3472 (leco-
938 3423 1004 3473 dedit
1017 3425 1167 3486 aristoteles,
1181 3427 1223 3487 qui
1232 3414 1295 3476 libio
1309 3429 1343 3474 De
1354 3425 1478 3473 nobilitate
1490 3424 1565 3472 literis
1576 3423 1600 3472 id
1615 3423 1713 3472 manda·

126 3513 183 3562 tua,
196 3515 238 3550 nee
248 3501 280 3550 ab
294 3500 347 3549 ulla
356 3501 409 3548 lum
419 3513 478 3548 voce
487 3500 526 3548 rel
538 3501 600 3548 lacto
612 3499 760 3548 abstinuisse.
937 3503 972 3550 vil
982 3523 987 3551 :
998 3503 1042 3551 nisi
1054 3504 1151 3551 sortasse
1164 3503 1364 3564 plebiscitoluerit
1372 3507 1571 3551 tumcoaeessum
1579 3501 1611 3548 ob
1622 3500 1711 3549 rivium

152 3583 175 3627 la
185 3581 276 3642 reliqua
290 3579 360 3627 omni
370 3579 418 3626 vita
434 3590 490 3626 eum
506 3578 566 3639 hugi
578 3577 649 3625 luisse
662 3589 707 3625 nec
720 3590 806 3644 magno
819 3589 892 3638 appa-
941 3581 1064 3629 raritatem
1075 3581 1320 3640 ‚volentibuauxores
1331 3580 1419 3628 habere
1435 3579 1494 3627 duas
1504 3583 1531 3625 ut
1540 3578 1622 3626 liceret
1629 3593 1637 3636 ;
1646 3577 1712 3624 ideo·

125 3659 171 3704 ratu
183 3657 206 3706 in
217 3657 281 3706 ilum
300 3657 403 3716 vixisse5
422 3656 446 3704 ln
464 3655 535 3704 rebus
548 3659 628 3704 autem
643 3657 750 3704 venereis
765 3656 887 3704 vehemen·
937 3671 985 3720 que
997 3659 1183 3720 praetermissum
1199 3659 1223 3708 id
1239 3673 1254 3708 a
1270 3660 1368 3708 comicis
1384 3659 1471 3718 luisse,
1490 3657 1599 3718 quamvis
1610 3657 1713 3706 socratis

123 3733 199 3782 liorem
210 3735 310 3797 quidem
326 3733 414 3792 luisse,
431 3731 571 3780 abstinu'use
584 3735 665 3780 tamen
677 3731 707 3779 ab
717 3731 781 3780 omni
792 3731 893 3792 injuria,
937 3737 1021 3786 crebro
1030 3739 1188 3787 meminerint.
1199 3743 1235 3787 De
1249 3739 1364 3787 uxoribus
1378 3740 1535 3798 Hieronymus
1543 3734 1649 3782 llhodius
1658 3735 1709 3795 ple-

124 3811 226 3872 quodrei
240 3812 361 3862 uxoribus
373 3811 409 3859 rel
420 3809 655 3872 prostitutistantum
669 3811 785 3858 uteretur.
938 3815 1048 3864 hiscitum
1066 3814 1181 3876 ascripsit.
1203 3818 1235 3864 iis
1259 3816 1346 3878 quide
1363 3815 1456 3863 duabus
1474 3814 1578 3862 socratis
1596 3812 1713 3860 uxoribus
1777 3829 1782 3836 ·

483 3901 528 3949 29.
937 3893 1250 3970 scripserunl,eontradinil
1259 3893 1377 3943 Panaetius
1387 3891 1500 3940 Rhodios.

151 3993 281 4041 &metrias
297 3991 444 4048 rlalereus,
460 3989 620 4049 Hieronymus
638 3987 757 4049 Rhodius,
775 3988 893 4036 Aristoxo
1305 3983 1347 4031 31.
1472 4029 1477 4036 ,

123 4081 163 4118 αυτ
172 4070 276 4118 musicus
285 4070 312 4116 el
323 4065 459 4115 aristotelea
471 4067 498 4124 (si
507 4065 579 4114 modo
588 4065 648 4114 liber
657 4069 691 4114 lle
702 4065 824 4113 nobilitate
833 4065 894 4113 inter
968 4059 1156 4110 llanclmlorum
1168 4061 1343 4110 reserationem
1359 4061 1512 4109 aristoxenus
1522 4059 1629 4105 musicus
1637 4060 1710 4106 lesta-

123 4159 238 4202 ςσιοευυο
250 4147 288 4194 ωδ
299 4139 433 4194 Aristotelis
442 4141 515 4190 libros
524 4141 696 4200 recensendus)
708 4143 786 4202 lllyrto
795 4141 894 4189 tradunt
937 4139 985 4187 tur.
996 4138 1089 4201 Quippe
1103 4151 1179 4187 unum
1192 4153 1223 4187 ex
1234 4151 1263 4187 ea
1274 4137 1370 4186 natione
1378 4137 1482 4197 aliquem
1500 4135 1596 4184 libertis
1606 4146 1712 4194 mugier-

123 4221 223 4270 Aristidis
231 4235 262 4270 ex
272 4220 324 4269 tilia
334 4218 424 4280 neptim
434 4231 448 4265 a
458 4221 556 4267 Socrate
571 4218 613 4266 illo
626 4217 731 4278 sapiente
739 4217 839 4264 domiuo
851 4229 893 4264 ao·
937 4229 990 4264 sum
1006 4229 1057 4264 esse
1068 4229 1124 4264 cum
1136 4218 1247 4276 Socrate
1261 4227 1292 4263 ex
1305 4227 1382 4275 eoque
1392 4212 1555 4270 sciscitatum,
1567 4222 1672 4271 quanam
1687 4211 1711 4258 in

122 4303 222 4360 οερίειιις
231 4297 347 4346 habuisse
358 4295 457 4356 quidem
467 4294 534 4342 illum
543 4295 614 4342 aliam
625 4306 735 4352 uxorem,
744 4305 828 4341 rerum
838 4305 894 4342 eum
937 4293 1030 4340 actione
1043 4292 1190 4354 philosophia
1205 4292 1257 4352 ejus
1274 4294 1418 4338 venaretur.
1434 4293 1489 4344 Quo
1506 4287 1676 4348 respondente.
1687 4287 1712 4334 in
1747 4321 1752 4332 .

124 4377 217 4427 barcob
230 4376 340 4438 inopiam
354 4373 453 4422 viduam
464 4377 488 4422 el
499 4374 608 4422 omnium
622 4385 701 4422 rerum
718 4385 814 4433 egenam
827 4385 894 4422 rece-
938 4370 1050 4418 huutauu
1063 4369 1119 4418 rita
1133 4369 1265 4417 rationibus
1279 4365 1435 4427 exquirendis
1447 4379 1500 4412 eam
1518 4363 1630 4423 occupari
1643 4366 1712 4411 =tum

124 4457 184 4518 pleae.
199 4457 314 4506 celerum
327 4453 413 4502 refellit
426 4453 477 4501 liaeo
489 4452 583 4501 abunde
597 4451 715 4500 Panaetius
725 4451 749 4500 in
760 4449 826 4500 libris
834 4463 894 4512 quos
938 4460 997 4497 vero
1014 4448 1093 4497 risisse
1109 4447 1210 4506 inuam,
1230 4459 1309 4508 quum
1330 4446 1424 4505 negaret
1444 4443 1549 4491 liumana
1566 4454 1712 4504 quemquam

123 4535 148 4582 te
160 4537 255 4585 souale
268 4533 372 4594 scripsit.
938 4524 1068 4586 previdere
1080 4538 1159 4586 posse,
1169 4524 1212 4586 qui
1222 4523 1357 4571 divinorum
1369 4520 1514 4582 ignoratione
1524 4518 1651 4566 laboraret.

486 4617 529 4664 ³0.
1288 4605 1317 4654 at
1335 4613 1360 4653 a.

150 4701 279 4763 llispoeitis
286 4695 895 4760 noniniuriaquispiamarguateosquiuaomduas
970 4690 1061 4748 hnytm
1072 4685 1344 4735 bieanlberuioniseral
1361 4683 1437 4742 iilius,
1450 4695 1535 4742 genere
1551 4681 1712 4737 allienieusis,

123 4780 238 4828 δοετοίοω
257 4775 374 4826 habuisse
392 4773 559 4834 prodiderunt,
576 4773 728 4834 lianllrippen
743 4771 854 4819 nimirum
871 4773 895 4820 et
939 4763 1191 4823 stainahamma,
1203 4775 1233 4810 ex
1247 4762 1368 4809 rariorum
1381 4759 1536 4808 fabricatione
1546 4758 1620 4805 (lires.
1634 4761 1712 4813 Quam

124 4855 207 4916 llyrto,
218 4851 345 4910 aristidis,
358 4863 405 4898 nou
419 4852 575 4910 eognomenlo
587 4848 649 4898 lusti
664 4847 737 4896 liliam
748 4849 896 4908 (repugnant
937 4841 1030 4890 obrem
1040 4853 1115 4900 quum
1125 4841 1234 4888 socrus
1244 4837 1387 4885 rarillansei
1398 4835 1519 4893 irrisisset,
1535 4832 1645 4880 meroede
1659 4835 1711 4880 Me-

124 4931 181 4982 eaiiu
193 4935 303 4994 tempora
316 4929 336 4984 l,
346 4925 387 4974 sed
402 4925 453 4986 eius
462 4926 504 4987 qui
521 4925 552 4974 ab
567 4925 618 4986 ipso
629 4923 713 4974 tertius
724 4926 767 4972 est.
781 4927 895 4972 auctores
939 4919 1013 4966 letum
1032 4917 1148 4976 adduxit,
1169 4918 1196 4964 ut
1213 4914 1342 4975 impietatis
1352 4912 1470 4960 actionem
1488 4911 1570 4957 eontra
1588 4909 1711 4956 socratem

123 5019 170 5068 qus
186 5007 219 5058 rei
234 5008 294 5056 sual
306 5002 478 5062 Callisthenes,
496 5001 629 5050 Demetrius
643 4999 785 5058 Phalereus,
796 5001 895 5058 satyrus
939 4995 1083 5044 institueret.
1098 4993 1205 5044 Meminit
1227 4991 1299 5051 hujus
1317 4989 1399 5050 lysia
1416 4987 1441 5034 iu
1460 4983 1565 5034 saerata
1584 4981 1707 5041 apologia,

126 5083 298 5144 recipitetious,
309 5077 464 5160 Aristoxenus
473 5099 478 5125 2
488 5077 576 5140 quibus
583 5077 612 5126 ad
622 5076 645 5126 iil
654 5075 805 5124 scribendum
813 5087 894 5122 ansam
916 5106 917 5117 ι
938 5072 1007 5122 sieuli
1017 5070 1089 5120 eliam
1098 5070 1230 5131 xenoplroa
1236 5104 1244 5129 ,
1255 5071 1279 5116 et
1289 5067 1313 5114 io
1323 5069 1379 5115 l'ila
1388 5062 1492 5114 socratis
1501 5059 1663 5108 Aristoxenus.
