3834 5767
808 321 1055 384 FRAGMENTA.

133 458 227 526 venet.
244 463 284 508 est
299 471 306 507 ι
321 450 388 530 Περὶ
402 454 544 526 μουσικῶν,
560 454 604 508 cui
618 451 782 508 Dindoriius
793 453 904 509 addidit

133 559 230 596 rocem
249 535 366 614 ἀγώνων.
387 541 421 595 ln
440 539 549 594 aldinis
566 551 609 595 est
622 537 689 616 Περί
705 541 837 613 μουσικῆς.
858 540 899 598 Cf.

133 625 264 766 lepizi&
277 709 358 782 hujus
371 713 464 784 operis
478 711 696 786 designarilputa
711 711 797 766 titulis
813 731 820 765 :
836 709 903 788 Περὶ

130 799 315 884 Διοαισιακῶν-
336 794 458 872 ἀγώνων,
487 795 687 864 Παναθηναῖκθς
716 795 774 871 (sc.
799 793 867 872 ἀγών
881 796 903 874 i,

132 881 304 957 Ὀλυμπικός.
398 952 411 966 .
476 941 480 948 ,

497 973 542 1040 45.

226 1093 318 1153 ΠΕΡΙ
339 1092 604 1152 ΔΙΟΝΥΣΙΑΚΠΝ
632 1093 800 1152 ΑΓΩΝΩΝ.

167 1213 264 1268 Schol.
278 1215 417 1286 Aristoph.
432 1215 502 1269 Ανν.
522 1211 593 1276 ιθοθ
609 1228 616 1267 τ
629 1207 793 1288 Ἀντίπατρος
810 1208 836 1265 δὲ
859 1207 904 1266 καί

129 1296 273 1376 Εὐφρόνιος
294 1299 320 1356 ts
345 1306 399 1364 τοῖς
419 1296 606 1372 ιΥπομνιίμασί
628 1319 692 1377 φασι
710 1295 769 1362 τοὺς
787 1290 904 1362 κυκλίους

127 1386 224 1463 χοροθς
243 1387 338 1455 στῆσαι
359 1387 460 1460 πρῶτον
481 1387 569 1442 Λᾶσον
592 1382 635 1440 τὸν
656 1381 812 1460 Ἑρμιονέα,
832 1387 857 1440 ol
877 1382 904 1442 δὲ

128 1469 295 1548 ἀρχαιότεροι
320 1470 473 1536 Ἑλλάνικος
495 1469 540 1528 καὶ
562 1469 721 1548 Δικαίαρχος
738 1468 839 1547 Ἀρίονα
861 1467 904 1526 τθν

128 1557 314 1630 Μηθυμναῖον,
327 1557 484 1635 Δικαίαρχος
494 1557 542 1632 μὲν
556 1559 581 1614 ἀν
591 1560 628 1636 τῷ
642 1555 708 1634 Περὶ
721 1559 899 1616 Διονυσιακῶν

126 1639 249 1716 ἀγώνοιν,
265 1636 420 1706 Ἑλλάνικος
434 1642 462 1700 δὲ
475 1644 564 1708 ἐντοῖς
575 1641 759 1721 Καρνεονίκαις
774 1645 903 1720 (Κρανα“ι“·Ι

13 1773 19 1790 .
125 1736 181 1794 κοῖς
195 1730 395 1807 οῑΚαρναϊκοῒς
409 1733 504 1805 libri).
561 1751 564 1758 ’

493 1825 539 1888 46.

364 1953 677 2013 ΠΑΝΑΘΠΝΑΙΚΟΣ.

163 2075 261 2130 Schol.
276 2075 361 2130 Arist.
378 2075 461 2147 Vesp.
482 2073 537 2139 544
556 2093 563 2128 t
580 2071 626 2130 Ἐν
639 2078 693 2137 τοῖς
710 2071 904 2142 Παναθηναίοις

126 2161 148 2214 ol
164 2157 285 2236 γέροντες
306 2156 414 2221 θαλλοὺς
434 2157 535 2235 ἔχοντες
554 2157 735 2234 ἐπόμπευον...
760 2157 794 2218 Ὁ
815 2155 903 2234 μίντοι

126 2243 291 2322 Δικαίαρχος
304 2245 331 2302 ἀν
345 2245 383 2320 τῷ
399 2245 593 2322 Παναθηναϊκῷ
602 2245 649 2302 οὐκ
661 2233 718 2302 οἶδα
728 2242 754 2310 ἐξ
767 2241 828 2302 ὅτου
838 2242 901 2302 ποτὲ

125 2329 171 2386 καὶ
185 2328 235 2395 τάς
244 2333 326 2406 γραῦς
337 2330 363 2385 ἐν
376 2329 429 2394 τοῖς
440 2328 631 2400 Παναθηναίοις
641 2329 766 2408 ύπείληρε
778 2329 903 2407 θαλλορο·

127 2421 191 2493 ρεῐν,
202 2416 309 2474 πολλῶν
323 2415 446 2484 ἀλλήλοις
466 2414 659 2492 ὁμολογούντων
673 2414 791 2492 περὶτοῦ
807 2415 899 2490 μόνους

125 2502 185 2566 τοῦς
199 2500 351 2580 πρεσύύτας
368 2501 548 2581 θαλλορσρεῖν,
571 2499 735 2578 Ξενοφῶντος
754 2501 801 2578 μὲν
823 2503 848 2558 ἐν
864 2523 901 2558 τω

126 2588 274 2667 Συμποσίῳ
299 2589 354 2664 (l,
382 2589 453 2664 ιγ),
476 2586 626 2666 Φιλοχόρου
651 2585 677 2644 dl
698 2589 725 2644 ἐν
746 2593 778 2664 τῇ
798 2586 904 2666 δευτέρη

126 2679 176 2754 (sr.
192 2677 259 2750 26).

493 2777 538 2840 lt·

399 2895 636 2953 ΟΛΥΜΠΙΚΟΣ.

164 3027 318 3082 Athenaeus
328 3026 405 3094 XIV,
418 3044 448 3097 p.
459 3026 527 3096 620,
536 3029 562 3081 D
574 3046 580 3079 :
592 3021 660 3088 Τοθς
668 3023 689 3080 δ’
702 3022 906 3099 Ἐμπεδοκλέους

109 3109 279 3188 ,καθαρμοὺς
293 3110 476 3190 ἐρραψῴδησεν
494 3109 658 3186 Ὀλυμπίσισι
674 3110 821 3185 Κλεομένης
833 3117 847 3169 θ
860 3117 905 3191 ρα-

124 3198 224 3277 ψερθός,
237 3195 273 3263 ῶς
285 3219 349 3278 φησι
362 3196 522 3276 Δικαίαρχος
534 3201 560 3254 ἐν
573 3200 610 3276 τῷ
625 3196 792 3278 Ὀλυμπικῷ.

470 3337 574 3351 m

166 3437 272 3488 Praeter·
291 3433 390 3488 citatos
408 3428 514 3505 ἀγώνων
532 3433 627 3486 titulos
643 3433 722 3486 tuisse
734 3433 815 3500 alios,
831 3452 904 3504 quo-

125 3539 190 3574 rum
204 3521 314 3574 mentio
334 3537 411 3572 nunc
425 3519 608 3587 desideratur,
625 3530 840 3574 consentaneum
854 3532 904 3576 est.

125 3609 227 3679 ltaque
249 3620 312 3678 quae
334 3616 491 3677 sequuntur
510 3604 664 3678 fragmenta
685 3604 722 3659 ad
742 3606 817 3660 idem
840 3603 906 3681 Περὶ

125 3693 262 3766 μουσικῶν
277 3687 385 3766 ἀγώνων
404 3709 476 3764 opus
490 3709 546 3746 esse
559 3690 707 3746 referenda
722 3691 903 3746 crediderim.

124 3785 306 3852 Quamquam
329 3775 391 3834 fieri
414 3779 494 3833 facile
516 3780 609 3850 potuit
630 3789 662 3832 ut
684 3779 736 3832 alia
760 3781 906 3851 complura

126 3886 216 3940 opera
227 3866 264 3920 de
278 3866 362 3919 rebus
373 3867 500 3934 musicis,
517 3864 553 3920 de
568 3865 660 3919 choris
672 3876 700 3919 et
715 3866 907 3921 saltationibus

125 3952 309 4009 Dicaearchus
323 3952 528 4023 composuerit,
547 3969 608 4023 quae
620 3951 798 4006 subindicare
817 3952 907 4006 videri

227 4201 278 4263 aa
299 4117 807 4284 saccatusbanrmmmus.

158 4310 476 4374 mopsteretttupnrontus
484 4310 509 4358 in
518 4312 702 4360 commmunia
709 4311 793 4361 dcunt
805 4313 907 4373 cyclicos

126 4390 215 4438 choros
229 4387 335 4450 pomum
343 4387 472 4436 instituisse
481 4389 568 4436 lasum
577 4387 778 4450 hermianensem,
789 4387 905 4450 antiquio·

127 4481 165 4516 res
173 4480 245 4526 reto,
259 4469 286 4514 ut
296 4465 466 4514 Hellanicuset
474 4463 639 4521 Dicaearchus.
653 4465 733 4516 Arioni
745 4466 906 4526 Methymnaeo

127 4541 152 4589 id
160 4541 296 4601 vindicant,
310 4539 463 4589 Dicaearclms
471 4539 560 4587 scilicet
569 4539 594 4586 in
603 4539 663 4586 libro
675 4543 710 4588 De
722 4541 842 4596 Bacchidis
854 4553 906 4588 cer-

126 4619 270 4676 tamiribus,
284 4615 512 4666 Hellanicusautem
524 4615 549 4662 iu
560 4615 719 4664 cameonicis.

472 4697 477 4704 ’
500 4703 544 4753 46.

354 4801 683 4863 PANATflEchUS.

159 4915 325 4967 Panathenaeis
343 4925 412 4962 senes
428 4911 522 4961 frondes
532 4911 652 4973 oleaginus
661 4913 778 4981 gestantes
796 4923 905 4973 pompam

127 4993 251 5046 ducebant.
260 4989 421 5044 Dicaearchus
430 4991 510 5038 tamen
520 4991 544 5038 in
553 4989 737 5052 Panathenaico,
745 4989 824 5041 nescio
834 4989 906 5051 uude,

1664 342 1720 396 tto

947 457 1033 527 possit
1046 455 1211 512 Plutarchus
1230 459 1294 512 Nou
1308 475 1389 529 posse
1401 477 1477 515 suar.
1494 478 1548 513 νινε
1563 479 1618 519 sec.
1642 465 1723 536 Epic.

947 559 979 613 p.
998 542 1081 615 1096,
1095 544 1132 609 B,
1146 543 1196 595 ubi
1207 542 1267 596 haec
1283 562 1290 596 :
1309 544 1386 608 Ποῖος
1400 541 1450 620 γὰρ
1464 541 1724 625 tacitatacita

948 623 1125 704 διηρμοσμένη
1142 625 1205 704 πρθς
1223 624 1304 706 ᾠδὴν,
1316 627 1333 697 ἤ
1345 651 1384 693 τις
1394 627 1469 707 χορὸς
1714 670 1718 676 ·

973 786 976 793 ι
994 755 1205 816 caementato
1212 755 1349 818 ἀκροσόφων
1358 757 1484 820 ἀγνύμενον
1496 759 1535 807 διὰ
1550 761 1677 823 πομάτων

949 865 1134 946 φθεγγόμενος,
1148 865 1229 932 οὕτως
1242 867 1371 947 ηύρρανεν
1383 869 1539 949 Ἐπίκουρον
1553 873 1598 930 καὶ
1611 874 1719 953 Μητρό-

949 953 1041 1030 δωρον,
1052 955 1088 1019 ὡς
1101 953 1265 1032 Ἀριστοτέλη
1276 957 1321 1012 καί
1331 955 1498 1035 Θεόφραστον
1511 958 1556 1015 καὶ
1567 957 1721 1038 Ἱερώνυμον

948 1039 992 1096 καί
1006 1040 1166 1118 Δικαίαρχον
1178 1043 1202 1097 οἱ
1214 1041 1273 1118 περὶ
1293 1046 1379 1121 χορῶν
1393 1042 1523 1118 λόγονκαὶ
1537 1046 1721 1124 διδασκαλίαι,

948 1126 994 1182 καί
1004 1125 1037 1182 τὰ
1053 1126 1086 1182 δι’
1107 1128 1192 1184 αὐλῶν
1206 1126 1383 1205 προύλήματα
1397 1129 1442 1187 καί
1459 1134 1561 1210 ῥυθμῶν
1580 1132 1624 1190 καί
1638 1134 1721 1212 ἁρμο-

948 1215 1022 1282 νιῶν;
1044 1201 1097 1269 οἷον
1124 1211 1166 1269 θιθι
1191 1211 1217 1269 τί
1245 1217 1296 1270 τῶν
1324 1213 1387 1272 ἴσων
1416 1217 1502 1274 αὐλῶν
1531 1220 1546 1273 θ
1565 1219 1722 1299 θστινότερσς

950 1299 1090 1378 βαρύτερον
1105 1297 1257 1376 φθέγγεται·
1271 1299 1316 1356 καὶ
1329 1298 1371 1357 ut
1386 1300 1429 1371 τί,
1440 1305 1486 1371 τῆς
1511 1301 1629 1381 σύριγγος
1655 1308 1721 1362 ἀνα-

949 1383 1095 1460 σπωμένης,
1105 1394 1184 1442 πᾶσιν
1194 1384 1309 1452 ὀξύνεται
1319 1395 1372 1453 τοῖς
1379 1388 1511 1467 φθόγγοις,
1518 1390 1669 1466 κλινομένης
1682 1392 1720 1468 δὲ,

948 1472 1027 1530 πάλιν
1039 1470 1160 1552 βαρύνει,
1176 1471 1222 1531 καί
1240 1474 1376 1552 συναχθεὶς
1389 1476 1452 1553 πρὸς
1465 1475 1509 1533 τὸν
1523 1474 1610 1554 ἕτερον
1624 1478 1718 1559 [βαρύ

948 1581 1020 1637 τερον
1031 1559 1060 1636 ],
1075 1558 1188 1636 θιαχθιὶς
1199 1559 1221 1615 δ’
1242 1559 1359 1638 ὀξύτερον
1374 1565 1449 1640 ἠχεῖ·
1461 1561 1507 1621 καί
1521 1562 1546 1620 τί
1557 1561 1655 1633 δήποτε
1669 1570 1721 1623 τῶν

949 1646 1063 1725 θεάτρων
1084 1643 1116 1701 θν
1142 1644 1228 1723 ἄχυρα
1250 1650 1297 1716 τῆς
1317 1647 1464 1726 ὀρχήστρας
1486 1651 1684 1730 κατασκεδάσῃς
1703 1650 1721 1722 ἢ

951 1737 1025 1810 χοῦν,
1043 1735 1058 1792 θ
1077 1731 1140 1797 λαὸς
1152 1733 1309 1810 τυρλοῦταν
1324 1735 1369 1792 καί
1385 1739 1501 1812 χαλκοῦν
1514 1735 1679 1816 ’antropos
1695 1741 1722 1796 ἐν

953 1819 1043 1896 Πέλλῃ
1064 1818 1218 1893 βουλόμενον
1229 1823 1339 1890 ποιῆσαι
1355 1821 1385 1880 τὸ
1397 1822 1562 1901 προσκήνιον,
1578 1825 1626 1882 οθκ
1636 1823 1722 1884 εἴασεν

949 1910 964 1963 θ
977 1905 1110 1985 τεχνίτης,
1123 1910 1159 1972 ὡς
1177 1908 1361 1986 διαφθεροῦντα
1378 1911 1430 1966 τῶν
1445 1912 1591 1989 ὑποκριτῶν
1605 1909 1652 1981 τὴν
1667 1933 1720 1992 ρω-

948 1993 1010 2063 νη’ν·
1024 1991 1070 2051 καὶ
1083 1992 1110 2050 τί
1125 1991 1221 2061 discors
1235 1997 1287 2050 τῶν
1300 1997 1382 2069 γενῶν
1397 1999 1483 2073 διαχεῖ
1496 1995 1526 2053 τὸ
1540 1999 1720 2076 χρωματικὸν,

948 2083 965 2148 ἡ
977 2079 999 2136 δ’
1009 2078 1120 2157 ἁρμονία
1131 2077 1289 2149 συνίστησιν.
1303 2085 1433 2156 Denique
1443 2085 1529 2139 rerba
1540 2086 1682 2142 Ciceronis
1692 2091 1722 2142 in

948 2171 1001 2242 Ep.
1017 2169 1053 2224 ad
1064 2172 1122 2224 Att.
1134 2169 1226 2238 x111,
1247 2169 1283 2223 32
1298 2186 1305 2225 τ
1321 2195 1334 2219 ι
1352 2168 1537 2247 Τριπολιτικὸν
1548 2192 1603 2227 nort
1618 2178 1722 2232 invenio

947 2268 977 2310 et
991 2259 1136 2328 epistolam
1149 2261 1224 2326 ejus,
1243 2275 1326 2328 quam
1338 2259 1381 2312 ad
1390 2260 1584 2312 Aristarchum
1599 2266 1686 2327 misit,
1707 2287 1719 2308 ν

948 2342 984 2397 de
1000 2343 1117 2414 epistola
1137 2361 1199 2414 quae
1218 2343 1254 2398 de
1272 2344 1357 2399 rebus
1373 2346 1484 2399 musicis
1503 2345 1587 2401 suerit
1605 2348 1722 2422 intelligi

947 2440 1071 2502 possunt.
1088 2433 1219 2484 Attamen
1237 2432 1332 2484 malim
1354 2431 1390 2486 dc
1414 2444 1578 2506 argumento
1599 2436 1722 2508 cogitare

948 2517 1003 2585 illi,
1021 2515 1101 2590 quod
1113 2514 1290 2592 Τριπολιτικῷ
1312 2516 1440 2584 suberat,
1462 2519 1590 2590 assimili,
1606 2519 1642 2573 de
1662 2538 1721 2593 quo

948 2603 1062 2657 sortasse
1079 2613 1228 2674 propterea
1244 2601 1280 2656 ad
1295 2604 1492 2660 Aristoxenum
1505 2606 1641 2659 musicum
1651 2608 1722 2660 scri-

948 2690 1019 2761 psit,
1045 2689 1125 2760 quod
1151 2688 1309 2768 doctrinam
1328 2688 1365 2744 de
1384 2690 1528 2747 elementis
1553 2691 1722 2747 harmonicis

949 2775 1203 2831 accommodaverit
1227 2775 1263 2829 ad
1289 2778 1427 2831 rationem
1447 2795 1502 2849 qua
1526 2780 1557 2832 in
1580 2776 1722 2843 πολιτείαις

949 2863 1084 2917 elementa
1108 2862 1171 2914 vitae
1190 2861 1309 2932 publicae
1333 2862 1515 2934 temperanda
1537 2881 1593 2918 esse
1615 2867 1719 2920 statuit.

949 2947 1031 3004 Certe
1047 2949 1145 3020 saepius
1159 2964 1223 3000 eum
1235 2958 1295 3001 tum
1309 2949 1338 3002 in
1351 2948 1473 3021 politicis
1484 2960 1542 3003 tum
1554 2951 1585 3004 in
1595 2952 1721 3023 philoso-

948 3035 1038 3107 phicis
1057 3034 1093 3088 ad
1106 3035 1239 3090 musicam
1258 3033 1416 3090 doctrinam
1435 3038 1584 3109 respexisse
1596 3048 1675 3110 patet
1687 3058 1721 3093 er

949 3122 983 3174 iis
995 3137 1059 3192 quae
1072 3121 1204 3192 leguntur
1216 3122 1247 3173 in
1262 3118 1317 3199 Βίῳ
1329 3117 1455 3185 Ἑλλάδος
1471 3121 1480 3198 (
1488 3142 1534 3195 ap.
1549 3125 1668 3182 Varron.
1683 3127 1720 3180 R.
1734 3112 1738 3121 ¹

949 3209 983 3262 R.
998 3209 1029 3275 l,
1050 3225 1066 3260 a
1082 3224 1090 3262 τ
1109 3206 1144 3260 sr.
1162 3204 1207 3280 5),
1221 3208 1271 3262 ubi
1289 3220 1434 3282 pastorum
1447 3211 1531 3264 vitam
1545 3214 1721 3279 incentivam,

949 3294 1134 3367 agricolarum
1145 3299 1326 3348 recreativum
1340 3313 1396 3349 esse
1410 3295 1494 3363 dicit,
1510 3307 1594 3368 atque
1605 3298 1635 3350 in
1646 3299 1722 3352 libris

952 3377 1019 3456 Περὶ
1033 3380 1119 3456 ψυχῆς
1132 3378 1141 3452 (
1152 3399 1198 3452 ap.
1216 3383 1374 3436 Nemesium
1385 3383 1427 3436 De
1441 3392 1499 3439 nat.
1511 3385 1588 3441 hom.
1600 3402 1629 3456 p.
1646 3383 1685 3440 68
1695 3385 1703 3459 )
1711 3427 1720 3453 ‚

950 3468 1000 3521 ubi
1017 3468 1116 3520 animae
1129 3469 1296 3540 compositio
1310 3487 1374 3521 cum
1388 3471 1508 3523 mixtura
1522 3471 1721 3542 symphoniaca

951 3552 1154 3618 elementorum
1177 3555 1347 3608 musimrum
1363 3566 1551 3628 comparatur.
1574 3557 1617 3612 Ci.
1638 3559 1721 3612 ctiam

950 3638 984 3694 fr.
1001 3657 1049 3708 ογ.

1308 3737 1355 3799 48.

990 3868 1137 3922 Athenaeus
1149 3871 1176 3938 l,
1185 3887 1214 3941 p.
1227 3871 1305 3954 ¹4⁵¹)
1320 3889 1326 3923 :
1340 3868 1410 3945 (Τῆς
1419 3865 1462 3924 διὰ
1472 3871 1517 3937 τῆς
1525 3866 1634 3947 σφαίρας
1643 3869 1723 3945 ἀρχή·
1745 3840 1750 3850 ¹

952 3951 1031 4031 σεως)
1043 3952 1090 4022 τὴν
1109 3951 1208 4032 εὕρεσιν
1222 3953 1340 4030 Ἀγαλλίς
1355 3959 1372 4024 ἡ
1388 3952 1538 4034 Κερκυραία
1549 3951 1722 4032 γραμματικὴ

952 4118 1039 4166 statuit
1051 4120 1125 4168 etlam
1142 4121 1234 4168 vetulas
1245 4119 1340 4168 frondes
1356 4122 1471 4180 gestasse,
1490 4132 1635 4182 quamquam
1653 4119 1722 4168 multi

951 4195 1126 4244 consentientes
1139 4195 1201 4244 inter
1211 4210 1237 4244 se
1251 4194 1282 4244 dc
1296 4195 1391 4244 senibus
1409 4197 1503 4244 tanturn
1521 4196 1721 4257 thallophorislo-

951 4274 1067 4333 quamn,
1079 4273 1115 4321 uti
1130 4275 1294 4335 Xenophanto
1305 4274 1429 4336 Symposio
1441 4275 1465 4323 ct
1475 4274 1632 4323 Philochoms
1642 4275 1667 4323 in
1682 4277 1723 4324 st·

951 4347 1023 4397 thidis
1032 4347 1092 4397 libro
1101 4349 1213 4398 meando.

1308 4432 1350 4481 tt.

1221 4539 1451 4600 OLYMPlCUS.

983 4668 1133 4728 Empedoclis
1143 4669 1247 4717 carmina
1257 4667 1364 4717 lustralia
1377 4668 1512 4716 decantarit
1525 4668 1643 4730 otympioe
1656 4671 1723 4719 cleo

952 4759 1033 4795 menes
1043 4747 1174 4810 rhapsodus
1181 4783 1189 4808 ‚
1201 4750 1229 4797 ut
1238 4749 1271 4797 ait
1284 4747 1435 4797 hierarchas
1442 4747 1466 4794 in
1480 4747 1615 4809 Olympico.

1317 4832 1360 4880 48.

983 4911 1065 4961 Pilaris
1076 4914 1206 4963 saltationis
1223 4914 1383 4964 inventionem
1393 4913 1494 4974 agellis,
1508 4915 1634 4976 corcyras
1644 4924 1722 4972 gram

951 4990 1052 5052 usatica,
1070 4992 1192 5040 Nausicaa
1201 4989 1473 5054 tribuit,popularisuae
1482 4987 1593 5038 nimirum
1603 4985 1721 5048 gratifica·
