3834 5767
794 384 1082 443 MEGASTHENES.
1678 395 1734 448 399

138 525 174 562 au
185 503 337 580 perductus
348 503 431 558 fuerit
442 504 506 557 loco
518 502 662 558 Strabonis
671 505 734 576 XV,
748 523 776 576 p.
791 525 856 578 709,
866 507 915 560 ubi
956 506 1078 583 populos
1089 507 1194 562 transit.
1203 506 1316 561 liudem
1324 508 1470 560 hominum
1478 508 1734 579 antiquissimorum
1826 544 1830 550 ·

139 594 224 666 vulgo
237 592 340 664 legitur
356 609 362 644 :
379 587 519 662 Γενόμενος
531 587 554 643 δ’
567 578 610 644 οὖν
626 589 703 664 ἐντῷ
717 589 914 668 Σανδρακόττου
960 594 1046 647 vitam
1064 593 1225 664 victumque
1237 594 1332 666 paucis
1344 592 1478 646 describit
1492 590 1522 666 (§
1539 593 1584 650 18.
1603 595 1671 669 ¹9t3
1684 596 1731 649 fu·

140 675 308 754 στρατοπέδῳ
321 673 398 753 φησὶν
413 677 427 731 t
441 670 640 748 Μεγασθένης...
656 674 787 749 μηδεμίαν
811 674 914 752 ἡμέραν
959 678 1015 732 sius
1024 678 1150 749 explicat
1163 678 1309 750 quomodo
1330 678 1462 750 deinceps
1474 679 1614 734 mitiorem
1627 682 1733 736 cultum

143 763 204 820 ἰδεῖν
211 758 371 837 ἆνηνιγμένα
378 757 672 834 κλέμματαπλενόνωνῆ
693 759 831 819 διακοσίων
844 761 910 840 δρα·
961 777 996 814 ex
1009 763 1155 818 occidente
1175 765 1318 818 attulerint
1329 764 1455 820 Bacchus
1470 775 1498 820 et
1514 767 1666 835 Hercules,
1682 786 1733 822 nr·

137 845 286 926 χμῶνᾶξνι
298 849 365 918 Quae
379 846 494 918 quidem
509 847 605 901 referri
616 848 722 919 possint
737 847 773 902 ad
786 849 875 919 ipsum
885 849 914 902 il·
960 847 1063 920 besque
1076 850 1112 903 ab
1126 851 1159 903 iis
1172 849 1292 904 conditae
1305 850 1373 917 sint,
1389 861 1473 921 atque
1485 853 1615 924 prosapia
1634 871 1733 906 eorum

139 930 754 1007 ludte'mpus,quopaoemetfoedusScleucus
768 952 831 988 cum
842 935 915 990 San·
960 951 1012 1004 per
1030 936 1118 990 multa
1131 937 1229 990 saecula
1248 937 1352 1009 regiam
1372 935 1537 1008 dignitatem
1554 938 1630 1010 apud
1647 940 1734 994 Indos

141 1023 274 1078 drocotto
287 1022 405 1074 initurus
414 1032 483 1074 erat.
499 1023 536 1074 tt
548 1019 620 1074 bene
633 1019 784 1075 tenendum
794 1031 833 1074 est
844 1018 915 1074 istud
961 1020 1123 1078 obtinuerit.
1164 1021 1379 1096 subjunguntur
1392 1023 1446 1078 alia
1456 1023 1584 1094 quadam
1596 1025 1633 1079 ad
1647 1026 1734 1080 histo·

138 1105 273 1182 *scriptum
283 1107 473 1178 conjecturam
485 1123 542 1160 esse
555 1107 720 1174 casauboni,
729 1106 915 1162 codicesvero
960 1107 1030 1161 riam
1038 1107 1207 1178 pertinentia
1215 1106 1371 1180 [ao-27).
1382 1107 1491 1176 Quibus
1497 1109 1638 1178 absolutis,
1647 1111 1735 1166 tribus

138 1213 246 1262 omnes,
259 1204 395 1266 quantum
407 1194 502 1260 sciam,
516 1189 814 1266 praeberepsvops‘sour,
837 1193 915 1264 quod
963 1191 1100 1246 Indorum
1111 1204 1216 1265 septem
1229 1191 1448 1270 enumerantur(
1455 1194 1733 1270 29-385.1nterpo·
1818 1205 1822 1210 ’

137 1300 205 1336 num
220 1279 386 1334 mutandum
401 1281 448 1348 sit,
463 1280 607 1351 quaeritur.
623 1280 798 1351 Quamquam
821 1297 915 1352 gram·
960 1279 1038 1332 uitur
1057 1279 1136 1334 locus
1151 1277 1187 1334 de
1208 1279 1361 1351 elephantis
1383 1275 1452 1354 (39).
1472 1283 1615 1337 Postremo
1626 1282 1662 1338 de
1675 1285 1734 1338 sin·

137 1368 237 1422 metica
254 1366 309 1418 loci
320 1366 391 1420 ratio
400 1365 564 1419 sententiam
578 1365 733 1420 Casauboni
744 1383 915 1438 magnopere
960 1364 1031 1436 gulis
1039 1364 1176 1418 Indorum
1184 1365 1391 1438 magistratibus
1400 1383 1489 1438 pauca
1500 1365 1644 1420 delibavit.

137 1451 326 1508 commendat.
345 1452 419 1506 Num
432 1468 501 1522 quas
521 1462 549 1504 et
568 1469 701 1522 quasnam
719 1448 805 1505 India
822 1463 914 1522 partes
1000 1451 1066 1504 Haec
1077 1453 1171 1506 omnia
1183 1453 1290 1524 optimo
1303 1452 1403 1506 ordine
1411 1453 1582 1524 procedunt,
1594 1454 1646 1508 nisi
1655 1453 1735 1525 quod

137 1547 297 1611 praetereas
306 1554 367 1607 quac
376 1535 598 1590 Palibothraiter
611 1535 722 1590 facienti
735 1536 916 1609 peragranda
961 1539 1149 1592 narrationem
1176 1537 1213 1592 de
1238 1539 1393 1610 elephantis
1412 1538 1447 1611 (§
1469 1537 1520 1612 39)
1546 1540 1735 1613 Megasthenes

137 1634 226 1692 erant,
241 1623 430 1696 Megasthenes
438 1621 542 1676 viderit
554 1639 613 1674 non
625 1631 741 1680 constat.
752 1623 815 1694 Ipse
823 1634 916 1676 tamen
962 1619 1058 1697 [sicuti
1071 1622 1186 1698 Strabo)
1199 1624 1275 1680 baud
1287 1624 1373 1678 dubie
1384 1643 1420 1678 co
1429 1626 1494 1680 loco
1506 1627 1613 1698 posuit,
1627 1625 1733 1698 quode

137 1709 174 1766 de
186 1710 246 1764 aliis
259 1707 404 1762 itineribus
427 1707 496 1760 nihil
518 1707 657 1760 monuisse
672 1707 801 1773 videtur,
826 1724 914 1778 quum
960 1721 1125 1764 venatorum
1135 1711 1383 1778 tribusermoerat3
1391 1711 1732 1783 Diodoruscontralsicuti

137 1797 208 1850 nihil
226 1795 262 1850 de
276 1794 308 1848 iis
319 1795 452 1850 Arrianus
464 1792 609 1847 invenerit.
620 1794 708 1866 Igitur
718 1793 915 1848 Palimbothris
961 1794 1108 1869 Arrianus)
1122 1814 1158 1850 ne
1168 1796 1284 1850 brevem
1302 1814 1381 1850 suam
1394 1797 1518 1852 tribuum
1542 1800 1734 1854 recensionem

136 1901 202 1938 cum
212 1881 367 1936 consedisse
389 1891 488 1952 etqure
502 1879 537 1934 de
559 1879 741 1934 ulterioribus
759 1881 837 1933 terris
853 1892 915 1935 tra·
962 1879 1196 1953 interrumperet,
1208 1881 1246 1938 ad
1256 1883 1362 1938 calcem
1371 1884 1469 1957 capitis
1479 1902 1539 1940 earn
1552 1885 1694 1958 relegarit.

137 1967 212 2022 didit
226 1967 323 2022 auditu
339 1966 581 2022 aBraclunanibus
592 1967 727 2038 accepisse
736 1967 796 2020 veri
808 1967 916 2020 similli-
999 1965 1128 2021 Eundem
1150 1977 1235 2039 atque
1257 1967 1402 2024 Diodorus
1419 1971 1586 2024 narrationis
1605 1970 1735 2024 ordinem

137 2073 215 2108 mum
228 2053 285 2127 est(
302 2060 322 2126 ).
958 2053 1084 2123 sequitur
1096 2055 1246 2126 Arrianus,
1260 2056 1352 2127 quiin
1367 2057 1496 2110 Historia
1509 2056 1614 2112 Indica
1627 2058 1733 2129 priori·

180 2140 300 2194 Indicdn
322 2138 387 2193 libri
412 2137 561 2192 laudantur
586 2137 720 2190 secundus
742 2134 793 2209 (fr.
818 2135 852 2211 9)
879 2137 914 2192 de
958 2135 1012 2190 bus
1036 2138 1174 2209 capitibus
1193 2139 1316 2196 sedecim
1331 2159 1389 2212 prae
1405 2143 1505 2196 ceteris
1523 2144 1656 2214 expressit
1672 2145 1735 2197 tte-

137 2228 225 2282 coenis
243 2225 396 2293 indorum,
416 2230 511 2278 tertius
524 2223 572 2296 (fr.
592 2229 627 2287 40
647 2221 680 2298 a)
694 2223 729 2277 de
741 2225 915 2296 philosophis
959 2224 1128 2295 gasthenem.
1141 2226 1233 2298 lgimr
1251 2226 1298 2280 hic
1309 2245 1425 2299 quoque
1441 2229 1566 2300 primum
1580 2227 1617 2284 de
1634 2229 1734 2301 populi

137 2313 371 2386 ludicis‚qua1·tus
386 2310 434 2386 [fr.
450 2308 497 2386 23)
511 2309 546 2364 de
559 2309 753 2364 Herculccum
763 2309 912 2364 Nabucho·
958 2311 1015 2364 vita
1029 2311 1217 2382 antiquissima
1230 2321 1258 2365 et
1276 2311 1312 2366 de
1323 2313 1424 2366 bacchi
1443 2323 1472 2367 et
1488 2314 1617 2368 Herculis
1627 2313 1734 2368 benefi-

137 2399 283 2454 donosoro
293 2408 463 2470 comparato.
476 2398 541 2452 ttaec
554 2395 787 2450 Schwanbecltius
800 2415 914 2468 compo·
959 2395 1021 2462 ciis,
1036 2407 1064 2449 et
1074 2395 1176 2452 deinde
1190 2395 1306 2451 demum
1315 2397 1351 2451 de
1363 2397 1492 2452 tribubus
1503 2399 1628 2470 exponit.
1644 2402 1734 2470 Quem

136 2501 206 2540 nens
223 2501 287 2536 cum
307 2483 418 2538 Arriani
436 2492 464 2535 et
482 2481 628 2536 Strabonis
641 2482 725 2550 locis,
747 2482 797 2534 ubi
818 2481 914 2536 eadem
958 2482 1642 2553 auctorumconsenstunsijunrerisadornationis
1650 2485 1732 2556 hujus

138 2587 205 2623 eum
221 2569 280 2623 aliis
294 2568 442 2639 conjuncta
463 2577 621 2634 narrantur,
640 2584 711 2639 opus
729 2567 914 2622 itndistribu-
957 2569 1139 2640 simplicitati,
1161 2568 1280 2622 dubium
1299 2587 1359 2622 non
1377 2580 1420 2623 est
1447 2571 1517 2642 quin
1538 2569 1682 2626 Diodorus
1705 2582 1734 2626 et
1767 2637 1771 2642 ι

137 2666 199 2708 turn
211 2654 292 2708 fuisse
306 2662 412 2722 censet,
427 2664 459 2707 ut
474 2663 572 2707 auctor
594 2663 659 2726 post
679 2655 831 2724 expositam
844 2655 914 2709 libro
958 2655 1092 2708 Arrianus
1105 2655 1204 2708 seriem
1217 2656 1384 2709 narrationis
1393 2655 1604 2728 Megasthenicae
1614 2655 1735 2712 fidehter

134 2746 229 2814 primo
241 2740 439 2814 geographiam
452 2739 538 2794 tndiae
557 2750 585 2794 ct
600 2739 830 2812 topographiam,
845 2741 914 2794 tibru
958 2740 1144 2795 reddiderint.
1164 2741 1231 2810 Quae
1250 2759 1338 2814 quum
1356 2741 1395 2795 ita
1413 2743 1485 2812 sint,
1501 2743 1581 2797 locus
1604 2744 1650 2798 ille
1670 2745 1734 2798 libri

136 2829 256 2882 secutiolo
270 2828 356 2904 egerit
370 2825 405 2880 de
428 2826 555 2880 moribus
575 2824 728 2892 Indorum,
751 2826 820 2879 Iibrn
836 2833 914 2880 tertio
958 2832 1052 2898 quoni
1074 2845 1108 2880 ex
1129 2828 1256 2882 Herculis
1277 2827 1392 2882 historia
1413 2827 1574 2900 desumptus
1599 2828 1732 2884 mendam

137 2913 175 2967 de
191 2914 314 2967 tribuum
333 2913 484 2979 divisione,
503 2913 571 2966 libro
587 2923 684 2984 quarto
700 2911 736 2966 de
750 2911 816 2980 diis,
832 2917 915 2968 sacris
958 2911 1144 2965 traxissemihi
1151 2911 1273 2966 videtur.
1283 2913 1337 2965 Pro
1345 2909 1401 2966 us
1409 2911 1493 2966 fuerit
1502 2912 1528 2968 fv
1537 2911 1733 2990 druripplquae

137 2999 217 3054 etde
233 2999 507 3054 historialndorum.
534 2999 653 3054 Atalins
671 3015 765 3052 rerum
789 2997 860 3052 ordo
875 3010 915 3054 est
957 2996 1034 3051 haud
1047 2998 1207 3069 infrequens
1220 2997 1347 3052 confusio
1357 2997 1425 3072 est).
1444 2998 1504 3053 Dici
1516 3002 1604 3073 possit
1622 3000 1736 3056 diversis

138 3089 168 3140 in
182 3105 215 3140 ca
230 3085 316 3140 Indiae
330 3084 518 3157 descriptione
530 3103 591 3156 quae
606 3083 681 3157 apud
699 3083 858 3140 Diodorum
871 3087 914 3140 le-
959 3085 1027 3138 locis
1044 3083 1080 3137 de
1102 3084 1224 3138 Hercule
1245 3093 1273 3138 et
1292 3083 1570 3142 Nabuchodonosore
1592 3096 1736 3142 auctorem

136 3174 215 3245 gitur
226 3173 275 3226 lib.
289 3175 331 3240 11,
348 3171 383 3226 35
392 3190 455 3244 sqq.
470 3173 528 3226 Etsi
540 3172 615 3224 enirn
624 3189 761 3242 nusquam
773 3171 915 3227 Diodorus
957 3169 1043 3224 verba
1058 3171 1161 3226 fecisse.
1176 3169 1232 3225 Sed
1245 3187 1337 3241 neque
1349 3171 1403 3226 boc
1416 3170 1574 3243 probabile.
1592 3174 1662 3228 Nam
1677 3175 1730 3227 tri-

138 3279 244 3314 nomen
265 3261 449 3332 llcgasthenis
469 3259 599 3331 apponit,
621 3260 793 3331 comparatis
822 3270 914 3314 tamen
959 3254 1050 3309 buum
1058 3257 1302 3329 etmagistratuum
1312 3255 1473 3330 descriptio,
1481 3268 1513 3311 ut
1521 3269 1686 3332 argumento
1697 3261 1736 3314 sic

137 3345 259 3402 aliorum
268 3347 593 3400 testimoniisluculenter
603 3356 681 3418 patet
690 3355 779 3400 totum
785 3345 858 3400 istud
869 3365 914 3401 ca·
957 3340 1031 3395 libro
1047 3341 1195 3412 conjuncta
1205 3342 1305 3411 fuerit,
1318 3343 1405 3398 tribus
1415 3361 1483 3398 vero
1492 3355 1591 3399 auctor
1597 3347 1736 3400 recensuit

137 3444 506 3506 putenostroauctoreesse
517 3431 725 3504 depromptum.
736 3433 914 3504 Quapropter
958 3427 1032 3482 libro
1052 3431 1153 3496 tertio;
1175 3439 1203 3482 ct
1224 3439 1288 3501 post
1312 3431 1484 3503 magistratus
1502 3444 1735 3486 commemoratos

136 3520 261 3576 Diodori
280 3520 470 3574 narrationem
491 3529 633 3589 tamquam
658 3519 802 3590 epitomen
823 3521 915 3591 operis
958 3512 1042 3568 finem
1051 3515 1219 3586 excerpendi
1228 3516 1354 3570 fecerunt
1363 3526 1391 3571 et
1399 3513 1542 3572 Diodorus
1552 3527 1580 3572 et
1589 3519 1732 3574 Arrianus.

138 3605 285 3680 prefigere
299 3607 414 3677 reliquis
434 3605 555 3660 indicon
573 3604 734 3679 fragmentis
748 3605 913 3661 Schwanbe-
957 3601 1058 3656 Omnia
1078 3602 1164 3674 igitur
1185 3599 1302 3655 suadent
1321 3604 1404 3656 etiam
1421 3599 1632 3676 inhlegasthene
1652 3616 1736 3676 caput

137 3693 234 3747 etium
240 3693 326 3746 secuti
335 3690 411 3746 baud
422 3691 617 3746 dubitavimus.
629 3693 765 3746 Jamvero
773 3692 914 3748 Diodorus
958 3687 1032 3741 istud
1044 3686 1080 3741 de
1098 3687 1302 3762 magistratibus
1311 3688 1441 3742 ultimum
1461 3687 1543 3743 fuisse
1555 3690 1661 3761 operis,
1681 3702 1736 3744 tres

138 3777 289 3834 exorditur
306 3795 321 3832 a
336 3776 624 3832 describendislndia.
642 3775 761 3847 finibus,
777 3779 843 3860 situ,
855 3798 914 3834 ma·
958 3783 1066 3828 tantum
1075 3773 1162 3828 libros
1170 3775 1320 3846 complexi.
1339 3775 1438 3846 Itaque
1456 3773 1682 3848 fragmentaque
1697 3777 1735 3832 ad

137 3864 286 3936 gnitudine
303 3862 353 3937 (fr.
369 3862 427 3936 ¹‚S
447 3881 473 3920 ν.
490 3861 536 3938 a).
546 3863 654 3919 Deinde
664 3864 779 3936 exponit
788 3863 823 3919 de
833 3884 914 3920 mon·
958 3859 1059 3913 Bacchi
1071 3869 1098 3912 et
1113 3861 1240 3914 Herculis
1252 3859 1396 3914 historiam
1406 3861 1565 3933 pertinent,
1581 3861 1734 3936 uindicaui·

138 3950 214 4006 tibus
230 3952 404 4022 campisque,
420 3948 456 4004 de
468 3949 609 4004 fertilitate
629 3950 682 4004 soli
696 3950 914 4023 animaliumque
958 3961 1022 3997 mut
1041 3943 1115 3996 libro
1134 3943 1268 4022 secundo.
1284 3947 1326 3998 De
1339 3945 1453 4016 reliquis
1463 3947 1589 4016 acquievi
1606 3944 1735 3999 adorna-

138 4035 324 4108 abundantia,
344 4035 579 4090 dehumanorum
592 4053 745 4109 corporum
759 4040 915 4108 prestantia
959 4029 1186 4100 110111,φᾶ19111
1209 4029 1440 4083 Schwflssbecffiffi
1463 4028 1555 4099 dedit,
1575 4048 1635 4084 11011
1655 4031 1734 4101 (111οἆ

138 4132 168 4174 et
180 4119 309 4176 firmitate
321 4139 354 4176 ex
367 4120 532 4193 limpiditate
544 4122 613 4176 aeris
625 4133 652 4176 et
664 4139 742 4193 aquae
757 4123 916 4180 derivandis
958 4115 1108 4188 getulum
1118 4114 1249 4184 habeam,
1260 4114 1311 4170 ”d
1331 4115 1410 4188 quod
1423 4115 1569 4172 meliffltm
1589 4116 1671 4184 dms
1683 4119 1735 4172 11111

140 4205 148 4282 l
157 4205 173 4278 §
192 4205 276 4279 3-5),
288 4205 324 4261 de
339 4209 418 4262 renis
433 4208 612 4262 metallorum
628 4207 661 4280 (§
675 4207 722 4280 6),
740 4207 776 4264 de
790 4209 916 4284 frugibus
958 4201 1102 4256 Smtwnts
1112 4211 1242 4272 0111111111
1253 4202 1401 4257 inminuta
1411 4202 1527 4258 frustula
1538 4203 1672 4259 dissecm
1684 4222 1734 4258 vo·

139 4292 295 4346 cerealibus
314 4293 447 4364 aliisque,
469 4311 588 4365 quarum
608 4293 713 4366 duplex
737 4293 785 4350 fiat
805 4297 913 4366 messis,
959 4286 1057 4355 luetis,
1071 4287 1106 4339 ⁸51
1118 4285 1323 4344 difficillimum·

139 4369 213 4432 adeo
228 4386 259 4430 ut
277 4376 354 4431 haud
372 4377 454 4431 facile
467 4377 552 4433 fames
574 4381 699 4453 ingruat,
722 4382 766 4435 cui
790 4381 916 4438 arcenda
998 4373 1041 4426 De
1070 4371 1194 4426 111θῦ0110
1214 4373 1398 4447 111Ψῖ110115
1423 4375 1493 4428 nihil
1514 4373 1646 4429 traditur·
1671 4377 1734 4450 Ipsa

139 4464 807 4544 praterealegislatorumsapientiapraeviderit(§
825 4467 914 4544 5.10)¹
961 4457 1049 4512 verba
1070 4457 1255 4531 Megasthenis
1278 4461 1441 4532 paucissima
1465 4461 1618 4534 Abydenus
1641 4463 1735 4518 citavit

140 4549 274 4620 Sequitur
294 4547 446 4604 fluviorum
465 4552 591 4606 recensio
606 4549 740 4627 (rt-17).
756 4553 865 4610 Deinde
879 4554 916 4609 ad
961 4543 1012 4618 (fr.
1028 4543 1292 4620 ²⁸)‚11011851100m
1313 4558 1414 4616 nmen,
1435 4547 1485 4602 Sed
1507 4549 1605 4602 i⁰sst⁰5⁵
1627 4547 1733 4618 s⁰t¹¹15⁵2
1753 4607 1760 4621 .

960 4648 1029 4702 quas
1038 4629 1075 4685 de
1085 4647 1137 4684 suo
1148 4629 1301 4703 Abydenus
1310 4633 1418 4702 intulit,
1429 4633 1594 4689 deformata.

171 4725 204 4787 (1)
221 4727 334 4775 ceterum
347 4727 468 4788 proximas
485 4727 653 4780 Palimbothrts
663 4729 769 4790 regiones
787 4731 917 4792 Megasthe.
1000 4715 1085 4786 Quod
1097 4713 1181 4770 fidem
1204 4725 1232 4770 et
1252 4720 1446 4774 auctoritatem
1463 4721 1607 4794 scriptoris
1619 4722 1732 4789 attinet,

139 4809 195 4844 nem
211 4795 364 4858 perlustrasse
373 4809 447 4858 quum
459 4809 501 4858 per
512 4811 539 4846 se
551 4811 599 4846 non
610 4799 659 4847 rori
669 4799 782 4848 dissimile
797 4803 848 4860 est,
864 4803 917 4849 tum
962 4801 1038 4875 apud
1059 4801 1156 4875 vulgus
1170 4803 1362 4876 Megasthenes
1377 4805 1451 4860 inter
1463 4807 1603 4880 principes
1615 4806 1735 4862 habetur

139 4866 558 4995 ζιᾚῖὲῖξζὲυἭῖὲῗξέἱὲῃ(
564 4868 919 5000 ffi‘ffiffiftfffflq'ffff
961 4907 1077 4957 eorum,
1088 4889 1138 4959 qui
1145 4890 1245 4962 ineptis
1256 4891 1408 4946 mendaciis
1415 4891 1605 4966 indulgentes,
1616 4892 1735 4946 anilibus

139 5001 217 5063 dot),
229 5003 269 5052 ubi
284 5003 498 5054 tlexmdertndtu
517 5005 632 5055 miracula
648 5007 765 5056 vtsucusa
781 5008 916 5058 Prasiorum
961 4994 1056 5036 ΜΨ
1069 4977 1299 5032 mmmmm
1310 4979 1635 5034 mm¹t⁰¹¹tb⁰⁵²¹¹tm⁰⁸
1646 4977 1734 5032 tecm·

141 5071 266 5133 metropoli
280 5073 289 5132 (
296 5073 607 5135 Palimbottuisptmttdem
617 5074 783 5137 proficuerint,
936 5115 941 5123 ,
961 5080 1026 5116 rum
1037 5061 1196 5117 demulcere
1209 5063 1374 5120 studuerint.
1385 5064 1469 5135 Cujus
1482 5062 1621 5138 opinionis
1633 5081 1734 5136 parens
