3834 5767
815 384 1060 445 masuram.
1200 454 1207 473 ⁸
1675 400 1733 453 sss

141 517 316 591 regnaverit,
327 496 526 587 intelligendos
540 531 615 582 esse3
630 514 705 567 bunc
716 510 817 567 deinde
830 513 921 568 solnm
966 513 1088 581 Mandu,
1104 516 1216 584 hlauta,
1230 515 1282 581 ait,
1293 516 1411 569 multum
1422 525 1462 569 est
1472 516 1657 588 disputatum
1668 521 1741 573 Wil-

143 620 272 679 regnasse
284 619 337 675 per
355 618 443 655 unum
463 617 584 667 annam,
606 609 638 653 ut
660 616 724 653 cuin
737 600 920 654 Eratosthene
966 597 1076 659 li'nson.
1089 600 1195 672 optime
1207 600 1316 655 monuit
1329 602 1464 673 appellari
1476 602 1551 657 liunc
1560 604 1644 659 deum
1657 606 1687 659 in
1697 608 1743 661 in-

144 690 233 746 tradit
256 689 423 757 Manethon3
441 688 485 744 sin
507 698 641 760 praterea
662 686 794 741 Manetbo
820 687 921 740 iterum
966 686 1163 759 scriptionibus
1176 688 1290 741 ultomm
1305 692 1335 741 in
1348 686 1451 754 hostes,
1478 688 1557 760 quod
1575 693 1658 747 unice
1678 710 1742 747 eum

142 776 452 851 ponatldenthuophin
465 792 529 829 eum
542 778 626 827 annis
640 784 756 845 septem,
772 774 921 827 hancnu-
968 774 1063 827 hiartis
1091 783 1190 827 natura
1229 774 1370 827 convenit.
1405 776 1560 829 Verisimile
1587 788 1626 831 est
1659 779 1745 851 igitur

143 882 255 919 merum
268 881 301 917 ex
311 862 457 917 annalibus
467 858 592 927 fluxisse,
609 861 639 913 in
653 860 756 931 quibus
771 859 919 914 hientbuo·
967 859 1155 913 Eratosthenis
1177 860 1437 937 interpretationem
1455 878 1553 916 vocem
1573 858 1651 937 Ἄρης
1674 884 1741 920 con·

143 951 226 1024 phidi
238 950 412 1003 annumerati
423 950 477 1002 sint
490 948 554 1001 anni
569 964 631 1013 sex,
642 964 693 1019 per
700 964 770 1017 quos
779 964 834 1003 see.
850 947 921 1001 Era·
969 945 1090 1023 tinuisse.
1103 948 1173 1017 Atep
1185 946 1280 1018 Coptis
1291 948 1414 1013 clausus,
1428 960 1564 1015 serratum
1574 952 1666 1023 potuit
1676 970 1744 1023 ergo

144 1036 303 1089 tosthenem
320 1036 414 1088 mariti
436 1034 500 1087 loco
517 1034 675 1106 regnaverit
697 1049 771 1087 uxor
790 1033 920 1088 Nitocris.
969 1022 1161 1085 Eratosthenes
1182 1032 1303 1085 nominis
1325 1033 1381 1085 vim
1403 1034 1440 1086 ita
1460 1034 1595 1105 reddere,
1615 1048 1646 1091 ut
1666 1036 1747 1093 cohi-

144 1123 239 1178 biinus
267 1122 409 1195 ingeniose
437 1119 487 1174 sed
510 1122 603 1174 verius
634 1120 737 1175 dixeris
768 1118 922 1191 dynastiam
969 1117 1053 1171 bendi
1076 1128 1218 1185 naturam,
1231 1136 1293 1189 quae
1305 1128 1333 1173 ει
1344 1121 1439 1175 illartis
1450 1131 1490 1175 est
1501 1124 1616 1194 propria
1630 1134 1657 1177 et
1668 1126 1746 1178 clau.

145 1220 271 1276 sextam,
283 1208 365 1262 sicuti
379 1208 446 1261 alias
458 1206 635 1278 complures,
649 1224 683 1260 ex
697 1205 812 1259 diversis
824 1224 923 1279 regum
968 1205 1053 1257 madi
1066 1205 1174 1258 notioni
1195 1207 1339 1279 proxima,
1357 1208 1535 1278 exprimeret.
1555 1208 1664 1279 Quare,
1681 1211 1745 1265 lite-

146 1296 288 1351 laterculis
300 1312 358 1349 esse
377 1291 537 1347 conflatam.
551 1290 681 1349 Ceterum
695 1294 726 1347 in
736 1294 923 1349 monumentis
968 1307 1063 1343 rarum
1080 1289 1215 1362 'premens
1232 1292 1363 1365 uestigia,
1383 1291 1578 1348 difficillimum
1593 1296 1688 1350 locum
1705 1297 1744 1351 sic

146 1390 321 1437 memoratur
339 1380 450 1452 Apappi
469 1378 700 1451 (Papi-merim)
727 1380 805 1452 regni
831 1397 923 1434 annus
968 1378 1082 1431 restituo
1103 1396 1110 1431 ι
1130 1374 1247 1451 σχετικὸς
1267 1378 1302 1439 ὡς
1322 1372 1412 1453 Ἄρης,
1431 1380 1590 1447 mlhcerens,
1614 1382 1745 1439 cohibens

146 1468 273 1523 decimus
293 1463 662 1537 sextus,'hiendesuophidis
681 1462 856 1537 (Μσιιιιιαιφ
868 1466 921 1517 lia·
968 1464 1195 1535 quemadmodum
1212 1466 1301 1519 Mars.
1315 1466 1356 1519 lta
1369 1466 1531 1523 Plutarchus
1550 1471 1591 1522 De
1606 1470 1641 1525 ls.
1657 1481 1684 1524 et
1697 1471 1744 1525 Os.

147 1553 257 1627 aester)
278 1570 366 1608 mnus
380 1550 517 1607 secundm
539 1570 546 1605 :
571 1561 742 1624 postremum
756 1567 815 1603 non
836 1549 923 1604 allicit
969 1567 995 1605 c.
1009 1548 1043 1603 61
1062 1550 1206 1621 Typhonis
1214 1552 1327 1605 nomina
1346 1552 1507 1625 AEgyptiaca
1526 1549 1608 1628 βίαιόν
1625 1574 1681 1608 τινα
1702 1552 1747 1607 καί

148 1640 337 1693 Eratosthenis
354 1648 503 1710 computo,
533 1638 556 1691 si
585 1637 780 1708 Mentesuphin
796 1654 849 1708 per
872 1654 923 1690 an·
969 1632 1114 1702 soluturis
1142 1632 1274 1710 ἐιιίσχεσιν
1300 1637 1338 1691 ait
1361 1636 1533 1711 significare,
1557 1640 1628 1694 sicut
1651 1639 1745 1712 paullo

147 1744 218 1779 num
241 1735 269 1780 et
292 1725 400 1795 aliquot
421 1742 531 1777 menses
553 1740 681 1797 regnasse
703 1732 865 1779 statuamus.
889 1725 923 1778 ln
970 1732 1034 1777 ante
1050 1720 1091 1794 (c.
1111 1718 1164 1797 49]
1180 1722 1290 1777 dixerat
1307 1740 1314 1779 ε
1332 1722 1455 1795 σημαίνει
1473 1720 1500 1779 il
1515 1722 1627 1798 τοῦνομα
1646 1721 1746 1789 noilleio

149 1811 245 1866 tabula
271 1811 439 1865 Carnaeiana
465 1810 538 1883 Pepi
566 1828 669 1863 nomen
698 1816 740 1863 est
767 1808 921 1875 decimum;
969 1803 1120 1875 ἣκώλυσιν.
1139 1831 1151 1855 ι

148 1916 256 1953 nonam
268 1905 309 1952 est
322 1914 375 1951 rex
391 1898 547 1962 Mer-nra,
567 1894 645 1967 quod
656 1914 711 1949 una
726 1914 790 1950 emn
805 1895 878 1968 Pepi
895 1908 923 1949 et
1008 1894 1063 1951 111.
1084 1895 1206 1949 ll'itocris
1223 1894 1242 1950 i.
1254 1912 1279 1949 e.
1297 1894 1476 1964 Neleia-dier,
1491 1898 1618 1951 Μίησινιι
1636 1902 1747 1954 victrir.

148 1982 350 2057 Nepbru-lera
373 1984 455 2037 etiam
479 1983 509 2035 in
533 1982 588 2037 alio
614 1992 797 2035 monumento
819 1981 921 2053 legitur
969 1981 1079 2035 Nomen
1098 1982 1127 2033 in
1145 1983 1333 2036 monumentis
1352 1984 1472 2053 antiquis
1490 2002 1550 2037 non
1568 1984 1693 2037 obvium.
1716 1986 1748 2039 ln

150 2075 198 2143 (v.
217 2072 301 2125 buns.
321 2088 353 2142 p.
379 2070 568 2141 197).-1n
586 2068 679 2123 tabula
701 2066 836 2139 Abydena
854 2068 924 2121 nihil
969 2066 1212 2138 inscriptionibus,
1232 2084 1293 2137 quae
1316 2066 1352 2121 ad
1366 2067 1519 2140 dyrmstiam
1543 2070 1636 2126 XXVI
1659 2071 1749 2141 perti·

149 2167 207 2223 est,
223 2156 301 2228 quod
311 2174 375 2209 cum
387 2156 576 2211 Eratosthenis
586 2164 615 2209 et
623 2154 799 2209 blanethonis
809 2153 922 2226 regibus
973 2162 1058 2220 nent,
1074 2163 1246 2207 memoratur
1262 2154 1384 2209 Nitocris
1399 2173 1472 2209 uxor
1489 2157 1707 2213 Psammetichit
1722 2170 1750 2213 et

149 2243 283 2315 componi
295 2244 391 2315 possit.
405 2242 650 2309 —Monumenta,
665 2259 726 2312 quac
740 2241 807 2313 Pepi
820 2258 924 2293 nornen
969 2240 1091 2293 Nitocris
1104 2236 1160 2293 filia
1170 2240 1361 2294 Psammetichi
1376 2242 1417 2310 ll,
1429 2243 1469 2295 uti
1482 2260 1516 2297 ex
1530 2244 1673 2298 Rosellino
1685 2262 1749 2299 mo-

149 2330 317 2401 exhibeant,
330 2346 418 2401 quum
433 2347 486 2401 per
499 2338 588 2383 totam
599 2327 657 2381 lere
670 2328 823 2399 AEgyptum
835 2344 924 2397 usque
970 2335 1018 2378 net
1031 2324 1145 2379 Boechh.
1158 2342 1187 2396 p.
1202 2323 1269 2380 215.

152 2416 191 2471 ad
204 2417 307 2471 sitsilin
316 2432 410 2487 sparsa
422 2426 585 2483 occurrant,
600 2414 765 2487 intelligitur
777 2424 924 2485 emmaque
1009 2410 1109 2465 Nostra
1126 2412 1247 2467 Nitocris
1272 2413 1380 2467 tertiam
1401 2414 1575 2485 pyramidem
1594 2419 1746 2483 exstruxit,

148 2504 271 2577 regiam,
284 2502 429 2574 Memphin
439 2513 522 2573 atque
530 2502 638 2569 Tholas,
650 2501 681 2553 in
690 2510 827 2572 potestate
835 2501 924 2553 illem·
971 2498 991 2551 i.
1007 2514 1032 2551 e.
1045 2515 1102 2554 sec.
1115 2498 1300 2566 Runsenium,
1311 2516 1371 2555 eam
1386 2516 1471 2571 quam
1486 2502 1643 2572 blycerinus
1657 2520 1749 2576 eoepe-

148 2591 260 2663 phitica
271 2589 402 2664 dynastia
411 2589 492 2643 fuisse
500 2598 527 2642 et
533 2590 660 2659 exiguam
669 2596 777 2641 tantum
788 2586 924 2641 ditionem
971 2593 1031 2649 rat,
1044 2581 1172 2637 adfinem
1185 2584 1326 2656 perduxit.
1340 2586 1413 2641 Nota
1421 2596 1461 2640 est
1474 2586 1514 2661 de
1523 2588 1669 2645 Nitoeride
1683 2608 1748 2645 nar·

150 2672 925 2748 Elephantinisregibusposserelinqui.-ApudGraecos
973 2670 1045 2723 tatio
1057 2669 1218 2725 Herodotea
1231 2670 1292 2742 (11,
1312 2690 1365 2727 roo
1374 2672 1394 2745 ).
1407 2674 1496 2729 Graeci
1510 2674 1655 2731 mulierem
1669 2678 1749 2733 istam

149 2772 279 2820 auctores
289 2763 365 2819 nulla
373 2764 484 2835 Apappi
494 2762 539 2817 vel
549 2761 663 2834 Phiopis
672 2762 795 2829 mentio,
807 2760 829 2813 si
841 2778 925 2814 exee-
972 2770 1050 2809 rosea
1063 2754 1133 2809 facie
1154 2756 1301 2827 pulchram
1321 2758 1529 2833 pyramidisque
1547 2773 1749 2833 exstructorem

150 2850 226 2924 peris
237 2850 331 2904 locum
343 2851 426 2905 Plinii
439 2852 476 2906 fl,
489 2851 523 2905 Ν.
534 2850 673 2917 XXXVI,
687 2849 723 2923 8,
747 2850 784 2919 67
799 2865 806 2905 :
821 2847 927 2904 Βαναία
971 2842 1153 2899 nominarunt
1170 2839 1330 2904 Ῥοδώπιδι.
1353 2846 1386 2901 V.
1414 2849 1588 2903 narrationes
1609 2850 1747 2905 Herodoti

151 2938 206 2991 alii
223 2934 450 3008 duolobelisei),
476 2954 581 2991 nausa
599 2937 713 2989 Znearre
734 2933 771 3009 (l.
789 2936 919 3001 Zmoate,
973 2930 1016 2996 ῙΙ,
1044 2929 1096 2994 134
1112 2930 1290 3003 ίειφιοείίιί
1311 2933 1407 2989 laudat
1432 2934 1539 3006 Baehr.)
1558 2943 1587 2988 et
1606 2936 1751 2993 Strabonis

151 3025 170 3081 i.
179 3041 205 3081 e.
217 3024 352 3081 Ismande
364 3024 449 3079 Bous.
459 3020 486 3097 )‚
495 3025 595 3077 altere
604 3021 678 3077 Phio
691 3020 747 3096 (sic
759 3021 826 3075 cod.
841 3022 925 3077 llam-
972 3016 1067 3085 XVII,
1080 3036 1108 3089 p.
1121 3016 1188 3072 808.
1202 3018 1243 3075 Cf.
1256 3020 1375 3076 Bunsen.
1387 3039 1417 3093 p.
1433 3020 1501 3090 237.
1516 3022 1588 3075 Num
1599 3041 1769 3079 commune·

151 3111 245 3183 berffl
257 3110 342 3182 vulgo
356 3129 364 3163 ς
377 3112 451 3164 alter
459 3109 598 3183 Rophio),
611 3109 763 3167 Bunsenius
774 3110 870 3163 statuit
879 3128 926 3163 re-
972 3103 997 3155 el
1015 3103 1120 3175 ailquid
1134 3106 1169 3157 sll
1183 3122 1246 3159 clim
1260 3106 1405 3160 Nitocride
1419 3104 1697 3180 Babylonia‚lllll0rls
1710 3122 1750 3163 ost

151 3215 216 3271 gem
225 3197 408 3251 nostrumsub
415 3197 471 3251 alio
481 3198 700 3253 nominenomm
710 3196 800 3264 fuisse,
811 3195 925 3268 idquod
973 3188 1120 3263 indaginis.
1134 3191 1218 3261 Quod
1232 3190 1268 3245 ad
1285 3194 1370 3247 Verbo
1380 3194 1493 3247 Eusebll
1511 3198 1747 3268 mammillis..

153 3293 232 3339 tanto
245 3266 499 3351 facilimaceiderit‚
512 3302 600 3355 quum
617 3291 832 3354 preternomen
842 3282 926 3336 iami—
971 3280 1089 3347 {oedem
1102 3280 1280 3351 collt'sproese
1292 3276 1394 3345 serens,
1410 3298 1472 3351 que
1489 3282 1519 3335 in
1532 3284 1629 3357 grecis
1642 3300 1699 3337 non
1710 3284 1748 3336 le·

152 3371 331 3447 lielPepil,
344 3388 423 3443 reges
434 3369 502 3424 inde
516 3370 552 3425 ab
565 3370 609 3423 his
620 3370 679 3423 iere
696 3370 868 3441 temporibus
880 3387 925 3423 re·
972 3373 1086 3433 guntur,
1113 3382 1145 3419 ιδ
1173 3383 1239 3420 vete
1262 3365 1434 3435 Essstblffls
1463 3366 1514 3421 ⁵⁰⁶
1535 3368 1570 3424 δὴ
1598 3370 1749 3441 interimit!

152 3460 231 3531 gium
252 3475 358 3511 nomen
370 3458 518 3528 separatim
537 3455 670 3511 exhibere
690 3455 764 3510 soliti
783 3457 848 3513 sint.
864 3458 926 3513 llos
972 3450 1044 3503 male
1058 3450 1198 3505 intellecta
1208 3470 1264 3506 etse
1279 3465 1370 3508 censet
1384 3456 1546 3511 Eumenius.
1564 3455 1682 3513 «Tertia
1695 3474 1747 3529 py-

153 3562 222 3599 vero
233 3562 321 3615 quum
333 3555 431 3598 nostro
446 3545 507 3617 regi
517 3544 552 3597 sit
570 3544 660 3608 Meri,
675 3542 741 3597 inde
753 3542 865 3599 Grecos
882 3542 926 3597 se-
972 3536 1072 3605 ralffl's‚
1083 3538 1137 3607 all,
1147 3538 1239 3593 altiori
1252 3539 1354 3593 inloto
1368 3540 1504 3595 collocata
1517 3552 1567 3597 est.
1586 3566 1598 3591 ν

154 3632 221 3685 cisse
231 3632 345 3685 Moerin.
359 3632 396 3685 lis
407 3632 528 3684 innitens
544 3631 698 3685 Bunsenius
711 3630 804 3685 omnia
817 3629 926 3701 quade

154 3718 274 3773 hlmride
290 3718 404 3789 ejusque
418 3716 551 3789 operibns
564 3716 640 3788 apud
652 3715 843 3784 Herodotum,
856 3718 926 3770 Dio·
973 3728 975 3735 ’
1175 3690 1358 3747 mmm
1378 3692 1542 3747 §Efflffl'

154 3805 274 3869 dorum,
285 3805 451 3861 Strabonem
461 3813 622 3869 narrantur,
644 3802 681 3857 ad
694 3803 829 3875 Phiopem
841 3803 926 3857 refert
1340 3840 1375 3896 23

156 3890 204 3962 (p.
222 3888 373 3961 198-236
382 3895 402 3961 l.
417 3890 496 3944 Idem
511 3899 602 3943 tamen
616 3888 644 3940 in
656 3889 735 3960 praei.
750 3907 781 3961 p.
794 3890 831 3943 Vl
844 3907 926 3959 quam
1379 3883 1386 3897 '

154 3979 259 4029 incerta
269 3976 328 4029 hare
337 3976 391 4029 sint
399 3977 458 4049 ipse
469 3976 541 4029 bene
552 3977 644 4029 sensit.
659 3976 771 4047 Lepsius
781 3976 817 4029 ad
829 3994 926 4029 corum
1198 3970 1272 4027 SEC.
1293 3972 1339 4026 AF
1341 3971 1520 4027 metuont.

153 4061 319 4117 sententiam
340 4060 462 4130 accedit,
483 4064 532 4135 qui
553 4060 699 4119 lloeride'm
719 4080 812 4137 regem
832 4062 927 4118 fictum

154 4159 280 4220 putanta
291 4149 354 4203 lacu
362 4149 433 4202 hleri
446 4149 483 4219 (i.
498 4167 524 4204 e.
536 4149 755 4216 exundationis).

194 4236 230 4289 ll.
251 4234 395 4289 Secundus
407 4254 456 4289 rex
468 4237 518 4307 qui
530 4254 576 4308 ap.
589 4237 665 4293 blan.
675 4237 806 4291 scribitur
817 4238 926 4292 Melin-
977 4199 992 4271 β

155 4320 251 4394 sapitis
263 4332 290 4375 et
298 4322 520 4395 Menthesuplsis,
536 4323 555 4381 i.
570 4342 596 4380 e.
610 4326 783 4379 Manethonis
796 4325 928 4379 Mentha·
1336 4341 1384 4397 nt.

1013 4109 1131 4182 Syneell.
1142 4128 1173 4183 p.
1183 4108 1277 4179 58,C:
1292 4107 1411 4185 Ἓὸδίμη
1422 4108 1557 4167 δυναστεία
1568 4110 1745 4187 Μεμφιτῶν

1000 4193 1141 4251 collisis
1156 4196 1188 4265 α’,
1202 4193 1227 4255 oi
1241 4194 1412 4253 ibeoilsuoos
1426 4192 1526 4272 ἡμέρας
1537 4194 1569 4255 o'.

58 4463 65 4477 ,
154 4408 250 4481 sophis
261 4408 319 4474 vel,
332 4420 363 4463 ut
376 4411 482 4463 mavult
494 4411 661 4477 Bunsenius,
672 4411 873 4484 :ilenthuopliis
883 4412 929 4484 (ut

156 4494 325 4567 Ameeopht's
336 4514 391 4567 pro
402 4508 503 4569 aegypt.
516 4496 696 4569 Anien-alepi
705 4498 735 4551 in
743 4500 930 4553 monumentis
1213 4470 1286 4525 ἧς·
1310 4469 1503 4525 EUSEBIUM'

156 4600 212 4637 una
225 4600 290 4637 cmn
308 4584 381 4655 Pepi
398 4594 570 4637 memoratur
585 4584 700 4637 nomine
720 4602 728 4637 ε
751 4586 924 4659 lllenmatep,
1014 4588 1133 4659 Synsell.
1147 4606 1176 4660 p.
1195 4587 1248 4656 56,
1269 4583 1446 4658 ΑεἘὸδόμη
1462 4584 1597 4643 δυναστεία
1617 4588 1748 4665 Μεμφι-

157 4670 175 4725 ί.
196 4686 222 4726 e.
244 4670 353 4723 Mandu
377 4668 460 4743 (deo)
478 4670 633 4724 ediscerem.
653 4671 739 4740 Quod
761 4689 836 4725 nunc
853 4671 930 4743 apud
975 4675 1038 4729 τῶν
1059 4672 1223 4749 βασιλέων
1236 4670 1352 4745 πέντε,
1367 4668 1392 4729 oi
1403 4669 1575 4729 ίὸασθιευσαν
1589 4670 1688 4751 ἡμέρας
1701 4670 1745 4730 os'.

158 4756 369 4811 Eratosthenem
385 4757 486 4829 legitur
503 4754 731 4832 Ἐχεσιιοσαιισίρας
750 4770 846 4829 aperte
866 4777 930 4813 cor·
978 4756 1029 4832 (σθ’
1046 4760 1143 4832 fragm.
1160 4760 1196 4815 32
1206 4760 1225 4831 l.

157 4852 273 4915 ruptum
286 4853 337 4896 est.
352 4843 467 4914 Lepsius
480 4854 508 4897 et
521 4844 673 4899 Bunsenius
685 4842 817 4899 excidisse
830 4855 931 4915 putant
1016 4845 1148 4901 Eusebius
1174 4844 1275 4899 Chron.
1309 4863 1340 4916 p.
1369 4862 1405 4916 97
1433 4861 1440 4899 ε
1466 4846 1592 4917 Septima
1617 4845 1747 4914 dynastia

158 4945 263 4983 nomen
275 4928 496 5002 Menthestqsbis,
515 4949 547 4985 ea
564 4940 657 4985 autem
671 4948 732 5001 φιτ
744 4948 819 4983 nunc
834 4930 929 5003 legim-
976 4930 1195 5003 Memphitarum
1212 4932 1237 4982 V
1256 4948 1363 5002 regum.
1383 4936 1431 5002 qui
1449 4936 1532 4985 aretiis
1544 4928 1617 5002 (sie)
1636 4930 1750 4983 LXXV

159 5025 205 5071 tur
218 5015 287 5069 nihil
301 5016 352 5069 nisi
366 5017 488 5071 nomiriis
499 5018 757 5091 interpretationem
774 5017 928 5076 continere.
976 5019 1113 5071 dominati
1125 5030 1197 5073 sent.

160 5108 251 5174 Atque
270 5104 422 5157 liunsenius
435 5102 549 5174 quidem
566 5104 604 5158 ita
617 5103 755 5176 111,p.6.‘.
774 5104 858 5159 :uDe
876 5102 931 5157 deo
1019 5104 1084 5157 lise.
1100 5105 1221 5159 Barbara
1238 5106 1309 5159 banc
1327 5104 1480 5175 dynastiam
1505 5101 1647 5157 omittunt.
1663 5100 1746 5173 Quod
