<?xml version="1.0" encoding="UTF-8"?>
<!DOCTYPE html PUBLIC "-//W3C//DTD XHTML 1.0 Transitional//EN"
    "http://www.w3.org/TR/xhtml1/DTD/xhtml1-transitional.dtd">
<html xmlns="http://www.w3.org/1999/xhtml" xml:lang="en" lang="en">
 <head>
  <title>
</title>
<meta http-equiv="Content-Type" content="text/html;charset=utf-8" />
  <meta name='ocr-system' content='tesseract 3.04.00' />
  <meta name='ocr-capabilities' content='ocr_page ocr_carea ocr_par ocr_line ocrx_word'/>
</head>
<body>
  <div class='ocr_page' id='page_1' title='image "./fragmentahistor01unkngoog/fragmentahistor01unkngoog_0133.png"; bbox 0 0 3834 5767; ppageno 0'>
   <div class='ocr_carea' id='block_1_1' title="bbox 194 333 1093 397">
    <p class='ocr_par' dir='ltr' id='par_1_1' title="bbox 194 333 1093 397">
     <span class='ocr_line' id='line_1_1' title="bbox 194 333 1093 397; baseline 0.01 -10"><span class='ocrx_word' id='word_1_1' title='bbox 194 334 229 388; x_wconf 83' lang='grc'><strong>78</strong></span> <span class='ocrx_word' id='word_1_2' title='bbox 874 333 1093 397; x_wconf 77' lang='lat' dir='ltr'><strong>CRthPl‘llS.</strong></span> 
     </span>
    </p>
   </div>
   <div class='ocr_carea' id='block_1_2' title="bbox 187 485 1797 652">
    <p class='ocr_par' dir='ltr' id='par_1_2' title="bbox 187 485 1797 652">
     <span class='ocr_line' id='line_1_2' title="bbox 226 485 1793 564; baseline 0.005 -22"><span class='ocrx_word' id='word_1_3' title='bbox 226 485 283 546; x_wconf 77' lang='grc' dir='ltr'><strong>Κᾶν</strong></span> <span class='ocrx_word' id='word_1_4' title='bbox 303 485 435 557; x_wconf 80' lang='grc' dir='ltr'>ἀληθεύειν</span> <span class='ocrx_word' id='word_1_5' title='bbox 461 486 551 564; x_wconf 73' lang='grc' dir='ltr'>νομίζῃ</span> <span class='ocrx_word' id='word_1_6' title='bbox 574 487 727 564; x_wconf 75' lang='grc' dir='ltr'>Κράτιππος</span> <span class='ocrx_word' id='word_1_7' title='bbox 751 485 844 564; x_wconf 81' lang='grc' dir='ltr'>αὐτόν]</span> <span class='ocrx_word' id='word_1_8' title='bbox 868 491 965 562; x_wconf 80' lang='lat' dir='ltr'><strong>Zopy-</strong></span> <span class='ocrx_word' id='word_1_9' title='bbox 1009 507 1149 545; x_wconf 87' lang='lat' dir='ltr'><strong>annorum</strong></span> <span class='ocrx_word' id='word_1_10' title='bbox 1161 490 1292 544; x_wconf 90' lang='lat' dir='ltr'><strong>undecim</strong></span> <span class='ocrx_word' id='word_1_11' title='bbox 1302 490 1447 545; x_wconf 82' lang='lat' dir='ltr'><strong>historiam</strong></span> <span class='ocrx_word' id='word_1_12' title='bbox 1457 491 1577 547; x_wconf 88' lang='lat' dir='ltr'><strong>totidem</strong></span> <span class='ocrx_word' id='word_1_13' title='bbox 1589 493 1669 548; x_wconf 84' lang='lat' dir='ltr'><strong>libris</strong></span> <span class='ocrx_word' id='word_1_14' title='bbox 1681 494 1793 550; x_wconf 84' lang='lat' dir='ltr'><strong>deseri-</strong></span> 
     </span>
     <span class='ocr_line' id='line_1_3' title="bbox 187 575 1797 652; baseline 0.005 -22"><span class='ocrx_word' id='word_1_15' title='bbox 187 595 248 630; x_wconf 87' lang='lat' dir='ltr'><strong>cum</strong></span> <span class='ocrx_word' id='word_1_16' title='bbox 263 577 396 649; x_wconf 80' lang='lat' dir='ltr'>Cratippo</span> <span class='ocrx_word' id='word_1_17' title='bbox 408 575 583 648; x_wconf 77' lang='lat' dir='ltr'>Thucydidis</span> <span class='ocrx_word' id='word_1_18' title='bbox 594 576 693 648; x_wconf 82' lang='lat' dir='ltr'><strong>aequali</strong></span> <span class='ocrx_word' id='word_1_19' title='bbox 703 576 890 648; x_wconf 78' lang='lat' dir='ltr'><strong>antiquiorem</strong></span> <span class='ocrx_word' id='word_1_20' title='bbox 905 595 965 630; x_wconf 88' lang='lat' dir='ltr'><strong>non</strong></span> <span class='ocrx_word' id='word_1_21' title='bbox 1008 589 1102 650; x_wconf 87' lang='lat' dir='ltr'><strong>pserat</strong></span> <span class='ocrx_word' id='word_1_22' title='bbox 1116 579 1285 652; x_wconf 79' lang='lat' dir='ltr'><strong>plenissime.</strong></span> <span class='ocrx_word' id='word_1_23' title='bbox 1299 580 1340 633; x_wconf 82' lang='lat' dir='ltr'><strong>Ac</strong></span> <span class='ocrx_word' id='word_1_24' title='bbox 1350 579 1453 633; x_wconf 90' lang='lat' dir='ltr'><strong>scimus</strong></span> <span class='ocrx_word' id='word_1_25' title='bbox 1469 580 1624 635; x_wconf 82' lang='lat' dir='ltr'><strong>seermdnm</strong></span> <span class='ocrx_word' id='word_1_26' title='bbox 1639 585 1797 638; x_wconf 87' lang='lat' dir='ltr'><strong>nonnullos</strong></span> 
     </span>
    </p>
   </div>
   <div class='ocr_carea' id='block_1_3' title="bbox 185 663 1909 739">
    <p class='ocr_par' dir='ltr' id='par_1_3' title="bbox 185 663 1909 739">
     <span class='ocr_line' id='line_1_4' title="bbox 185 663 1909 739; baseline 0.005 -21"><span class='ocrx_word' id='word_1_27' title='bbox 185 666 328 732; x_wconf 82' lang='lat' dir='ltr'><strong>novimus3</strong></span> <span class='ocrx_word' id='word_1_28' title='bbox 344 665 431 717; x_wconf 89' lang='lat' dir='ltr'><strong>immo</strong></span> <span class='ocrx_word' id='word_1_29' title='bbox 451 663 594 718; x_wconf 89' lang='lat' dir='ltr'><strong>hominem</strong></span> <span class='ocrx_word' id='word_1_30' title='bbox 615 663 727 718; x_wconf 87' lang='lat' dir='ltr'><strong>serioris</strong></span> <span class='ocrx_word' id='word_1_31' title='bbox 748 665 834 718; x_wconf 86' lang='lat' dir='ltr'><strong>aetatis</strong></span> <span class='ocrx_word' id='word_1_32' title='bbox 847 664 964 718; x_wconf 90' lang='lat' dir='ltr'><strong>histori-</strong></span> <span class='ocrx_word' id='word_1_33' title='bbox 1009 665 1160 720; x_wconf 89' lang='lat' dir='ltr'><strong>llellenicis</strong></span> <span class='ocrx_word' id='word_1_34' title='bbox 1172 667 1351 739; x_wconf 84' lang='lat' dir='ltr'>Theopompi</span> <span class='ocrx_word' id='word_1_35' title='bbox 1363 667 1476 721; x_wconf 90' lang='lat' dir='ltr'><strong>nonnisi</strong></span> <span class='ocrx_word' id='word_1_36' title='bbox 1486 666 1619 722; x_wconf 78' lang='lat' dir='ltr'>undecim</span> <span class='ocrx_word' id='word_1_37' title='bbox 1637 669 1728 725; x_wconf 85' lang='lat' dir='ltr'><strong>libros</strong></span> <span class='ocrx_word' id='word_1_38' title='bbox 1742 675 1794 726; x_wconf 89' lang='lat' dir='ltr'><strong>tri-</strong></span> <span class='ocrx_word' id='word_1_39' title='bbox 1908 686 1909 709; x_wconf 69' lang='grc'><strong>1</strong></span> 
     </span>
    </p>
   </div>
   <div class='ocr_carea' id='block_1_4' title="bbox 185 750 1797 1263">
    <p class='ocr_par' dir='ltr' id='par_1_4' title="bbox 185 750 1797 1263">
     <span class='ocr_line' id='line_1_5' title="bbox 186 750 1794 824; baseline 0.004 -18"><span class='ocrx_word' id='word_1_40' title='bbox 186 770 250 806; x_wconf 89' lang='lat' dir='ltr'><strong>cnm</strong></span> <span class='ocrx_word' id='word_1_41' title='bbox 264 751 307 805; x_wconf 88' lang='lat' dir='ltr'><strong>vel</strong></span> <span class='ocrx_word' id='word_1_42' title='bbox 321 751 533 824; x_wconf 80' lang='lat' dir='ltr'><strong>grammaticum</strong></span> <span class='ocrx_word' id='word_1_43' title='bbox 544 767 616 818; x_wconf 86' lang='lat' dir='ltr'><strong>esse,</strong></span> <span class='ocrx_word' id='word_1_44' title='bbox 630 751 774 804; x_wconf 83' lang='lat' dir='ltr'>Demetrio</span> <span class='ocrx_word' id='word_1_45' title='bbox 789 751 923 806; x_wconf 89' lang='lat' dir='ltr'><strong>Phalereo</strong></span> <span class='ocrx_word' id='word_1_46' title='bbox 934 761 963 804; x_wconf 89' lang='lat' dir='ltr'><strong>et</strong></span> <span class='ocrx_word' id='word_1_47' title='bbox 1009 750 1069 805; x_wconf 89' lang='lat' dir='ltr'><strong>hui.</strong></span> <span class='ocrx_word' id='word_1_48' title='bbox 1084 784 1124 794; x_wconf 85' lang='lat'><em>-</em></span> <span class='ocrx_word' id='word_1_49' title='bbox 1141 754 1183 806; x_wconf 89' lang='lat' dir='ltr'><strong>lta</strong></span> <span class='ocrx_word' id='word_1_50' title='bbox 1195 754 1217 807; x_wconf 92' lang='lat' dir='ltr'><strong>si</strong></span> <span class='ocrx_word' id='word_1_51' title='bbox 1232 754 1392 821; x_wconf 84' lang='lat' dir='ltr'><strong>statuimus,</strong></span> <span class='ocrx_word' id='word_1_52' title='bbox 1405 763 1434 808; x_wconf 90' lang='lat' dir='ltr'><strong>et</strong></span> <span class='ocrx_word' id='word_1_53' title='bbox 1452 765 1529 809; x_wconf 90' lang='lat' dir='ltr'><strong>recte</strong></span> <span class='ocrx_word' id='word_1_54' title='bbox 1541 772 1570 808; x_wconf 84' lang='lat' dir='ltr'><strong>se</strong></span> <span class='ocrx_word' id='word_1_55' title='bbox 1583 755 1690 810; x_wconf 82' lang='lat' dir='ltr'><strong>habent</strong></span> <span class='ocrx_word' id='word_1_56' title='bbox 1702 759 1794 812; x_wconf 73' lang='lat' dir='ltr'><strong>verba</strong></span> 
     </span>
     <span class='ocr_line' id='line_1_6' title="bbox 186 835 1790 918; baseline 0.004 -26"><span class='ocrx_word' id='word_1_57' title='bbox 186 839 356 893; x_wconf 84' lang='lat' dir='ltr'>Philochoro</span> <span class='ocrx_word' id='word_1_58' title='bbox 367 837 525 909; x_wconf 90' lang='lat' dir='ltr'><strong>juniorem,</strong></span> <span class='ocrx_word' id='word_1_59' title='bbox 540 855 576 892; x_wconf 82' lang='lat' dir='ltr'><strong>ex</strong></span> <span class='ocrx_word' id='word_1_60' title='bbox 587 837 620 891; x_wconf 91' lang='lat' dir='ltr'><strong>iis</strong></span> <span class='ocrx_word' id='word_1_61' title='bbox 633 853 695 910; x_wconf 69' lang='lat' dir='ltr'><strong>qut</strong></span> <span class='ocrx_word' id='word_1_62' title='bbox 708 838 886 894; x_wconf 81' lang='lat' dir='ltr'><strong>Marcellinus</strong></span> <span class='ocrx_word' id='word_1_63' title='bbox 898 856 966 892; x_wconf 90' lang='lat' dir='ltr'><strong>nar-</strong></span> <span class='ocrx_word' id='word_1_64' title='bbox 1008 839 1136 913; x_wconf 78' lang='lat' dir='ltr'><strong>Dionysii</strong></span> <span class='ocrx_word' id='word_1_65' title='bbox 1147 835 1203 894; x_wconf 72' lang='lat' dir='ltr'><strong>tet</strong></span> <span class='ocrx_word' id='word_1_66' title='bbox 1213 859 1244 896; x_wconf 87' lang='grc' dir='ltr'><strong>π.</strong></span> <span class='ocrx_word' id='word_1_67' title='bbox 1252 839 1290 897; x_wconf 89' lang='grc' dir='ltr'><strong>Θ.</strong></span> <span class='ocrx_word' id='word_1_68' title='bbox 1303 835 1467 915; x_wconf 71' lang='grc' dir='ltr'>συναγαγών,</span> <span class='ocrx_word' id='word_1_69' title='bbox 1477 851 1506 895; x_wconf 92' lang='lat' dir='ltr'><strong>et</strong></span> <span class='ocrx_word' id='word_1_70' title='bbox 1516 841 1597 896; x_wconf 86' lang='lat' dir='ltr'><strong>facile</strong></span> <span class='ocrx_word' id='word_1_71' title='bbox 1609 843 1790 918; x_wconf 72' lang='lat' dir='ltr'><strong>intelligitur,</strong></span> 
     </span>
     <span class='ocr_line' id='line_1_7' title="bbox 186 925 1797 1002; baseline 0.004 -23"><span class='ocrx_word' id='word_1_72' title='bbox 186 936 245 993; x_wconf 91' lang='lat' dir='ltr'><strong>rat,</strong></span> <span class='ocrx_word' id='word_1_73' title='bbox 269 927 386 999; x_wconf 91' lang='lat' dir='ltr'><strong>quisque</strong></span> <span class='ocrx_word' id='word_1_74' title='bbox 409 925 548 998; x_wconf 82' lang='lat' dir='ltr'><strong>intelligit.</strong></span> <span class='ocrx_word' id='word_1_75' title='bbox 578 927 634 980; x_wconf 84' lang='lat' dir='ltr'><strong>hut</strong></span> <span class='ocrx_word' id='word_1_76' title='bbox 659 925 745 999; x_wconf 82' lang='lat' dir='ltr'><strong>igitur</strong></span> <span class='ocrx_word' id='word_1_77' title='bbox 759 927 909 998; x_wconf 80' lang='lat' dir='ltr'><strong>Dionysius</strong></span> <span class='ocrx_word' id='word_1_78' title='bbox 928 926 965 982; x_wconf 91' lang='lat' dir='ltr'><strong>de</strong></span> <span class='ocrx_word' id='word_1_79' title='bbox 1010 927 1157 998; x_wconf 91' lang='lat' dir='ltr'><strong>quomodo</strong></span> <span class='ocrx_word' id='word_1_80' title='bbox 1168 925 1230 982; x_wconf 82' lang='lat' dir='ltr'><strong>lieri</strong></span> <span class='ocrx_word' id='word_1_81' title='bbox 1240 928 1367 1000; x_wconf 90' lang='lat' dir='ltr'><strong>potuerit</strong></span> <span class='ocrx_word' id='word_1_82' title='bbox 1382 938 1415 981; x_wconf 93' lang='lat' dir='ltr'><strong>ut</strong></span> <span class='ocrx_word' id='word_1_83' title='bbox 1426 945 1475 996; x_wconf 89' lang='lat' dir='ltr'><strong>ea,</strong></span> <span class='ocrx_word' id='word_1_84' title='bbox 1489 945 1614 1000; x_wconf 86' lang='lat' dir='ltr'><strong>qnorum</strong></span> <span class='ocrx_word' id='word_1_85' title='bbox 1625 931 1719 1002; x_wconf 79' lang='lat' dir='ltr'><strong>prima</strong></span> <span class='ocrx_word' id='word_1_86' title='bbox 1730 943 1797 986; x_wconf 82' lang='lat' dir='ltr'><strong>tan-</strong></span> 
     </span>
     <span class='ocr_line' id='line_1_8' title="bbox 185 1012 1791 1090; baseline 0.004 -24"><span class='ocrx_word' id='word_1_87' title='bbox 185 1025 264 1068; x_wconf 74' lang='lat' dir='ltr'><strong>a=tate</strong></span> <span class='ocrx_word' id='word_1_88' title='bbox 287 1013 411 1086; x_wconf 84' lang='lat' dir='ltr'><strong>Cratippi</strong></span> <span class='ocrx_word' id='word_1_89' title='bbox 432 1014 549 1080; x_wconf 88' lang='lat' dir='ltr'><strong>erravit,</strong></span> <span class='ocrx_word' id='word_1_90' title='bbox 581 1023 630 1067; x_wconf 90' lang='lat' dir='ltr'><strong>aut</strong></span> <span class='ocrx_word' id='word_1_91' title='bbox 654 1013 832 1068; x_wconf 79' lang='lat' dir='ltr'><strong>Marcellinus</strong></span> <span class='ocrx_word' id='word_1_92' title='bbox 852 1015 963 1090; x_wconf 83' lang='lat' dir='ltr'><strong>ineptit.</strong></span> <span class='ocrx_word' id='word_1_93' title='bbox 1011 1024 1070 1067; x_wconf 90' lang='lat' dir='ltr'><strong>tum</strong></span> <span class='ocrx_word' id='word_1_94' title='bbox 1083 1033 1148 1086; x_wconf 80' lang='lat' dir='ltr'><strong>pars</strong></span> <span class='ocrx_word' id='word_1_95' title='bbox 1167 1012 1309 1087; x_wconf 87' lang='lat' dir='ltr'><strong>Cratippi,</strong></span> <span class='ocrx_word' id='word_1_96' title='bbox 1324 1015 1411 1069; x_wconf 89' lang='lat' dir='ltr'><strong>altera</strong></span> <span class='ocrx_word' id='word_1_97' title='bbox 1429 1033 1499 1069; x_wconf 82' lang='lat' dir='ltr'><strong>vero</strong></span> <span class='ocrx_word' id='word_1_98' title='bbox 1513 1015 1695 1090; x_wconf 86' lang='lat' dir='ltr'>Theopompi</span> <span class='ocrx_word' id='word_1_99' title='bbox 1711 1029 1791 1086; x_wconf 86' lang='lat' dir='ltr'><strong>erat,</strong></span> 
     </span>
     <span class='ocr_line' id='line_1_9' title="bbox 187 1099 1796 1174; baseline 0.002 -19"><span class='ocrx_word' id='word_1_100' title='bbox 187 1104 249 1156; x_wconf 92' lang='lat' dir='ltr'><strong>lloc</strong></span> <span class='ocrx_word' id='word_1_101' title='bbox 259 1101 360 1156; x_wconf 83' lang='lat' dir='ltr'><strong>volunt</strong></span> <span class='ocrx_word' id='word_1_102' title='bbox 372 1101 505 1174; x_wconf 75' lang='lat' dir='ltr'><strong>plurimi3</strong></span> <span class='ocrx_word' id='word_1_103' title='bbox 519 1099 600 1154; x_wconf 78' lang='lat' dir='ltr'><strong>baisse</strong></span> <span class='ocrx_word' id='word_1_104' title='bbox 621 1099 651 1153; x_wconf 90' lang='lat' dir='ltr'><strong>in</strong></span> <span class='ocrx_word' id='word_1_105' title='bbox 664 1099 787 1172; x_wconf 80' lang='lat' dir='ltr'><strong>Didymo</strong></span> <span class='ocrx_word' id='word_1_106' title='bbox 799 1099 898 1156; x_wconf 91' lang='lat' dir='ltr'><strong>dicunt</strong></span> <span class='ocrx_word' id='word_1_107' title='bbox 911 1103 966 1158; x_wconf 89' lang='lat' dir='ltr'><strong>tale</strong></span> <span class='ocrx_word' id='word_1_108' title='bbox 1010 1103 1105 1154; x_wconf 85' lang='lat' dir='ltr'><strong>omnia</strong></span> <span class='ocrx_word' id='word_1_109' title='bbox 1116 1102 1168 1155; x_wconf 91' lang='lat' dir='ltr'><strong>sub</strong></span> <span class='ocrx_word' id='word_1_110' title='bbox 1179 1103 1261 1155; x_wconf 92' lang='lat' dir='ltr'><strong>unius</strong></span> <span class='ocrx_word' id='word_1_111' title='bbox 1274 1102 1399 1174; x_wconf 86' lang='lat' dir='ltr'><strong>Cratippi</strong></span> <span class='ocrx_word' id='word_1_112' title='bbox 1411 1103 1527 1157; x_wconf 91' lang='lat' dir='ltr'><strong>nomine</strong></span> <span class='ocrx_word' id='word_1_113' title='bbox 1538 1121 1554 1156; x_wconf 82' lang='lat' dir='ltr'><strong>a</strong></span> <span class='ocrx_word' id='word_1_114' title='bbox 1566 1104 1723 1158; x_wconf 81' lang='lat' dir='ltr'><strong>Plutarcho</strong></span> <span class='ocrx_word' id='word_1_115' title='bbox 1738 1107 1796 1158; x_wconf 92' lang='lat' dir='ltr'><strong>mi-</strong></span> 
     </span>
     <span class='ocr_line' id='line_1_10' title="bbox 185 1185 1422 1263; baseline 0.004 -21"><span class='ocrx_word' id='word_1_116' title='bbox 185 1188 256 1262; x_wconf 87' lang='lat' dir='ltr'><strong>quid</strong></span> <span class='ocrx_word' id='word_1_117' title='bbox 276 1207 284 1244; x_wconf 87' lang='lat'><strong>:</strong></span> <span class='ocrx_word' id='word_1_118' title='bbox 307 1207 465 1262; x_wconf 80' lang='lat' dir='ltr'><strong>quanquam</strong></span> <span class='ocrx_word' id='word_1_119' title='bbox 482 1187 644 1262; x_wconf 82' lang='lat' dir='ltr'><strong>Cratippum</strong></span> <span class='ocrx_word' id='word_1_120' title='bbox 661 1188 785 1262; x_wconf 82' lang='lat' dir='ltr'><strong>Zopyrus</strong></span> <span class='ocrx_word' id='word_1_121' title='bbox 799 1199 892 1244; x_wconf 84' lang='lat' dir='ltr'><strong>testem</strong></span> <span class='ocrx_word' id='word_1_122' title='bbox 913 1191 964 1244; x_wconf 85' lang='lat' dir='ltr'><strong>ad-</strong></span> <span class='ocrx_word' id='word_1_123' title='bbox 1010 1205 1062 1240; x_wconf 89' lang='lat' dir='ltr'><strong>nus</strong></span> <span class='ocrx_word' id='word_1_124' title='bbox 1074 1197 1180 1242; x_wconf 92' lang='lat' dir='ltr'><strong>attento</strong></span> <span class='ocrx_word' id='word_1_125' title='bbox 1193 1187 1364 1243; x_wconf 79' lang='lat' dir='ltr'><strong>afferrentur</strong></span> <span class='ocrx_word' id='word_1_126' title='bbox 1378 1185 1422 1263; x_wconf 68' lang='grc' dir='ltr'><strong>(Ἴ.</strong></span> 
     </span>
    </p>
   </div>
   <div class='ocr_carea' id='block_1_5' title="bbox 184 1274 1810 1708">
    <p class='ocr_par' dir='ltr' id='par_1_5' title="bbox 184 1274 1810 1708">
     <span class='ocr_line' id='line_1_11' title="bbox 184 1274 1798 1360; baseline 0.006 -25"><span class='ocrx_word' id='word_1_127' title='bbox 184 1277 272 1343; x_wconf 78' lang='lat' dir='ltr'><strong>ducit,</strong></span> <span class='ocrx_word' id='word_1_128' title='bbox 307 1276 352 1330; x_wconf 80' lang='lat' dir='ltr'><strong>vel</strong></span> <span class='ocrx_word' id='word_1_129' title='bbox 381 1293 538 1348; x_wconf 74' lang='lat' dir='ltr'><strong>quanquam</strong></span> <span class='ocrx_word' id='word_1_130' title='bbox 565 1275 662 1328; x_wconf 73' lang='lat' dir='ltr'><strong>eadem</strong></span> <span class='ocrx_word' id='word_1_131' title='bbox 688 1277 782 1328; x_wconf 68' lang='lat' dir='ltr'><strong>&#39;ttulit</strong></span> <span class='ocrx_word' id='word_1_132' title='bbox 806 1274 962 1352; x_wconf 74' lang='lat' dir='ltr'><strong>Cratippus.</strong></span> <span class='ocrx_word' id='word_1_133' title='bbox 1051 1283 1185 1338; x_wconf 79' lang='lat' dir='ltr'><strong>Currere</strong></span> <span class='ocrx_word' id='word_1_134' title='bbox 1194 1284 1426 1358; x_wconf 87' lang='lat' dir='ltr'><strong>belliPeloponn.</strong></span> <span class='ocrx_word' id='word_1_135' title='bbox 1437 1285 1560 1340; x_wconf 81' lang='lat' dir='ltr'><strong>historiae</strong></span> <span class='ocrx_word' id='word_1_136' title='bbox 1569 1286 1798 1360; x_wconf 86' lang='lat' dir='ltr'><strong>Cratippusjun-</strong></span> 
     </span>
     <span class='ocr_line' id='line_1_12' title="bbox 186 1360 1810 1446; baseline 0.007 -28"><span class='ocrx_word' id='word_1_137' title='bbox 186 1365 305 1418; x_wconf 87' lang='lat' dir='ltr'><strong>Meierus</strong></span> <span class='ocrx_word' id='word_1_138' title='bbox 317 1360 368 1440; x_wconf 86' lang='lat' dir='ltr'><strong>(De</strong></span> <span class='ocrx_word' id='word_1_139' title='bbox 380 1362 522 1418; x_wconf 81' lang='lat' dir='ltr'><strong>Andocid.</strong></span> <span class='ocrx_word' id='word_1_140' title='bbox 535 1362 585 1417; x_wconf 91' lang='lat' dir='ltr'><strong>0r.</strong></span> <span class='ocrx_word' id='word_1_141' title='bbox 598 1380 624 1416; x_wconf 90' lang='lat' dir='ltr'><strong>e.</strong></span> <span class='ocrx_word' id='word_1_142' title='bbox 640 1361 732 1416; x_wconf 79' lang='lat' dir='ltr'><strong>Alcib.</strong></span> <span class='ocrx_word' id='word_1_143' title='bbox 748 1361 781 1430; x_wconf 88' lang='grc'><strong>6,</strong></span> <span class='ocrx_word' id='word_1_144' title='bbox 799 1362 887 1436; x_wconf 83' lang='grc' dir='ltr'>ι3,ρ.</span> <span class='ocrx_word' id='word_1_145' title='bbox 901 1363 964 1436; x_wconf 76' lang='lat'><strong>62.)</strong></span> <span class='ocrx_word' id='word_1_146' title='bbox 1010 1371 1084 1426; x_wconf 76' lang='lat' dir='ltr'><strong>xerit</strong></span> <span class='ocrx_word' id='word_1_147' title='bbox 1095 1372 1272 1443; x_wconf 83' lang='lat' dir='ltr'><strong>sequentium</strong></span> <span class='ocrx_word' id='word_1_148' title='bbox 1283 1390 1327 1426; x_wconf 87' lang='lat' dir='ltr'><strong>res</strong></span> <span class='ocrx_word' id='word_1_149' title='bbox 1340 1384 1518 1446; x_wconf 87' lang='lat' dir='ltr'><strong>temporum,</strong></span> <span class='ocrx_word' id='word_1_150' title='bbox 1531 1372 1659 1429; x_wconf 87' lang='lat' dir='ltr'><strong>divinare</strong></span> <span class='ocrx_word' id='word_1_151' title='bbox 1673 1374 1794 1430; x_wconf 83' lang='lat' dir='ltr'><strong>sortasse</strong></span> <span class='ocrx_word' id='word_1_152' title='bbox 1808 1439 1810 1443; x_wconf 17' lang='lat'>⁵</span> 
     </span>
     <span class='ocr_line' id='line_1_13' title="bbox 186 1445 1793 1538; baseline 0.011 -35"><span class='ocrx_word' id='word_1_153' title='bbox 186 1470 239 1524; x_wconf 80' lang='lat' dir='ltr'><strong>pro</strong></span> <span class='ocrx_word' id='word_1_154' title='bbox 254 1447 409 1526; x_wconf 74' lang='grc' dir='ltr'>Κράτιππος</span> <span class='ocrx_word' id='word_1_155' title='bbox 424 1449 509 1504; x_wconf 72' lang='lat' dir='ltr'><strong>scribi</strong></span> <span class='ocrx_word' id='word_1_156' title='bbox 520 1448 582 1504; x_wconf 66' lang='grc'><strong>11111</strong></span> <span class='ocrx_word' id='word_1_157' title='bbox 594 1445 759 1524; x_wconf 77' lang='grc' dir='ltr'>Ἐρμῑππος-</span> <span class='ocrx_word' id='word_1_158' title='bbox 777 1451 836 1524; x_wconf 78' lang='lat' dir='ltr'><strong>Ego</strong></span> <span class='ocrx_word' id='word_1_159' title='bbox 855 1469 966 1506; x_wconf 77' lang='lat' dir='ltr'><strong>memor</strong></span> <span class='ocrx_word' id='word_1_160' title='bbox 1009 1459 1075 1514; x_wconf 85' lang='lat' dir='ltr'><strong>licet</strong></span> <span class='ocrx_word' id='word_1_161' title='bbox 1086 1477 1121 1513; x_wconf 88' lang='lat' dir='ltr'><strong>ex</strong></span> <span class='ocrx_word' id='word_1_162' title='bbox 1135 1460 1283 1532; x_wconf 85' lang='lat' dir='ltr'><strong>Dionysio.</strong></span> <span class='ocrx_word' id='word_1_163' title='bbox 1296 1463 1324 1515; x_wconf 89' lang='lat' dir='ltr'><strong>Is</strong></span> <span class='ocrx_word' id='word_1_164' title='bbox 1336 1461 1411 1516; x_wconf 88' lang='lat' dir='ltr'><strong>enirn</strong></span> <span class='ocrx_word' id='word_1_165' title='bbox 1425 1459 1468 1534; x_wconf 90' lang='lat' dir='ltr'><strong>(in</strong></span> <span class='ocrx_word' id='word_1_166' title='bbox 1481 1462 1536 1534; x_wconf 89' lang='lat' dir='ltr'><strong>Ep.</strong></span> <span class='ocrx_word' id='word_1_167' title='bbox 1551 1461 1598 1516; x_wconf 91' lang='lat' dir='ltr'><strong>ad.</strong></span> <span class='ocrx_word' id='word_1_168' title='bbox 1610 1464 1714 1536; x_wconf 87' lang='lat' dir='ltr'>Pomp.</span> <span class='ocrx_word' id='word_1_169' title='bbox 1726 1484 1793 1538; x_wconf 84' lang='lat' dir='ltr'><strong>cap.</strong></span> 
     </span>
     <span class='ocr_line' id='line_1_14' title="bbox 185 1537 1795 1622; baseline 0.009 -30"><span class='ocrx_word' id='word_1_170' title='bbox 185 1558 299 1608; x_wconf 87' lang='lat' dir='ltr'><strong>eorum,</strong></span> <span class='ocrx_word' id='word_1_171' title='bbox 311 1556 373 1610; x_wconf 88' lang='lat' dir='ltr'><strong>quae</strong></span> <span class='ocrx_word' id='word_1_172' title='bbox 383 1555 467 1610; x_wconf 82' lang='lat' dir='ltr'><strong>supra</strong></span> <span class='ocrx_word' id='word_1_173' title='bbox 477 1537 513 1592; x_wconf 88' lang='lat' dir='ltr'><strong>de</strong></span> <span class='ocrx_word' id='word_1_174' title='bbox 526 1538 651 1610; x_wconf 88' lang='lat' dir='ltr'><strong>Cratippi</strong></span> <span class='ocrx_word' id='word_1_175' title='bbox 663 1537 776 1612; x_wconf 82' lang='lat' dir='ltr'><strong>ingenio</strong></span> <span class='ocrx_word' id='word_1_176' title='bbox 788 1539 917 1608; x_wconf 88' lang='lat' dir='ltr'><strong>vidimus,</strong></span> <span class='ocrx_word' id='word_1_177' title='bbox 928 1558 965 1594; x_wconf 92' lang='lat' dir='ltr'><strong>ne</strong></span> <span class='ocrx_word' id='word_1_178' title='bbox 1011 1543 1039 1614; x_wconf 85' lang='lat'><strong>3,</strong></span> <span class='ocrx_word' id='word_1_179' title='bbox 1056 1541 1163 1622; x_wconf 73' lang='lat' dir='ltr'><strong>4⁵qu</strong></span> <span class='ocrx_word' id='word_1_180' title='bbox 1178 1546 1372 1619; x_wconf 78' lang='lat' dir='ltr'><strong>Thucydidem</strong></span> <span class='ocrx_word' id='word_1_181' title='bbox 1387 1549 1426 1602; x_wconf 85' lang='lat' dir='ltr'><strong>ait</strong></span> <span class='ocrx_word' id='word_1_182' title='bbox 1444 1549 1587 1622; x_wconf 80' lang='lat' dir='ltr'><strong>ingratum</strong></span> <span class='ocrx_word' id='word_1_183' title='bbox 1601 1559 1733 1605; x_wconf 68' lang='lat' dir='ltr'><strong>metm</strong></span> <span class='ocrx_word' id='word_1_184' title='bbox 1744 1571 1795 1607; x_wconf 88' lang='lat' dir='ltr'><strong>ar-</strong></span> 
     </span>
     <span class='ocr_line' id='line_1_15' title="bbox 186 1625 1795 1708; baseline 0.007 -27"><span class='ocrx_word' id='word_1_185' title='bbox 186 1629 335 1697; x_wconf 82' lang='lat' dir='ltr'><strong>De&#39;onysius</strong></span> <span class='ocrx_word' id='word_1_186' title='bbox 351 1625 386 1680; x_wconf 91' lang='lat' dir='ltr'><strong>de</strong></span> <span class='ocrx_word' id='word_1_187' title='bbox 398 1625 573 1698; x_wconf 81' lang='lat' dir='ltr'><strong>temporibus</strong></span> <span class='ocrx_word' id='word_1_188' title='bbox 586 1625 713 1698; x_wconf 91' lang='lat' dir='ltr'><strong>Cratippi</strong></span> <span class='ocrx_word' id='word_1_189' title='bbox 738 1627 858 1699; x_wconf 85' lang='lat' dir='ltr'><strong>turpiter</strong></span> <span class='ocrx_word' id='word_1_190' title='bbox 873 1627 966 1700; x_wconf 87' lang='lat' dir='ltr'><strong>lapsus</strong></span> <span class='ocrx_word' id='word_1_191' title='bbox 1009 1645 1188 1706; x_wconf 76' lang='lat' dir='ltr'><strong>gementum,</strong></span> <span class='ocrx_word' id='word_1_192' title='bbox 1202 1635 1355 1708; x_wconf 83' lang='lat' dir='ltr'><strong>patriaeque</strong></span> <span class='ocrx_word' id='word_1_193' title='bbox 1366 1635 1463 1708; x_wconf 83' lang='lat' dir='ltr'><strong>gloriae</strong></span> <span class='ocrx_word' id='word_1_194' title='bbox 1477 1634 1550 1688; x_wconf 90' lang='lat' dir='ltr'><strong>male</strong></span> <span class='ocrx_word' id='word_1_195' title='bbox 1564 1636 1737 1691; x_wconf 83' lang='lat' dir='ltr'><strong>consuluisse</strong></span> <span class='ocrx_word' id='word_1_196' title='bbox 1750 1639 1795 1692; x_wconf 89' lang='lat' dir='ltr'><strong>ni-</strong></span> 
     </span>
    </p>
   </div>
   <div class='ocr_carea' id='block_1_6' title="bbox 185 1711 1909 1799">
    <p class='ocr_par' dir='ltr' id='par_1_6' title="bbox 185 1711 1909 1799">
     <span class='ocr_line' id='line_1_16' title="bbox 185 1711 1909 1799; baseline 0.009 -33"><span class='ocrx_word' id='word_1_197' title='bbox 185 1714 220 1766; x_wconf 90' lang='lat' dir='ltr'><strong>sit</strong></span> <span class='ocrx_word' id='word_1_198' title='bbox 234 1712 425 1785; x_wconf 85' lang='lat' dir='ltr'><strong>maximopere</strong></span> <span class='ocrx_word' id='word_1_199' title='bbox 435 1729 546 1768; x_wconf 78' lang='lat' dir='ltr'><strong>vereor.</strong></span> <span class='ocrx_word' id='word_1_200' title='bbox 558 1711 781 1784; x_wconf 78' lang='lat' dir='ltr'><strong>Offenditporro</strong></span> <span class='ocrx_word' id='word_1_201' title='bbox 796 1713 875 1784; x_wconf 90' lang='lat' dir='ltr'><strong>quod</strong></span> <span class='ocrx_word' id='word_1_202' title='bbox 888 1715 964 1768; x_wconf 88' lang='lat' dir='ltr'><strong>Mar·</strong></span> <span class='ocrx_word' id='word_1_203' title='bbox 1008 1719 1049 1773; x_wconf 92' lang='lat' dir='ltr'><strong>hil</strong></span> <span class='ocrx_word' id='word_1_204' title='bbox 1064 1731 1226 1776; x_wconf 86' lang='lat' dir='ltr'><strong>narrantem</strong></span> <span class='ocrx_word' id='word_1_205' title='bbox 1235 1723 1288 1776; x_wconf 91' lang='lat' dir='ltr'><strong>nisi</strong></span> <span class='ocrx_word' id='word_1_206' title='bbox 1301 1720 1335 1775; x_wconf 78' lang='grc' dir='ltr'><strong>τὰ</strong></span> <span class='ocrx_word' id='word_1_207' title='bbox 1349 1717 1440 1798; x_wconf 76' lang='grc' dir='ltr'>οἰκτρὰ</span> <span class='ocrx_word' id='word_1_208' title='bbox 1452 1719 1498 1776; x_wconf 82' lang='grc' dir='ltr'><strong>καὶ</strong></span> <span class='ocrx_word' id='word_1_209' title='bbox 1510 1717 1582 1776; x_wconf 70' lang='grc' dir='ltr'>δεινὰ</span> <span class='ocrx_word' id='word_1_210' title='bbox 1592 1719 1676 1792; x_wconf 79' lang='grc' dir='ltr'>πάθη.</span> <span class='ocrx_word' id='word_1_211' title='bbox 1693 1724 1793 1799; x_wconf 83' lang='grc' dir='ltr'>Κρεῖτ-</span> <span class='ocrx_word' id='word_1_212' title='bbox 1908 1782 1909 1787; x_wconf 64' lang='grc'>,</span> 
     </span>
    </p>
   </div>
   <div class='ocr_carea' id='block_1_7' title="bbox 186 1797 1795 2142">
    <p class='ocr_par' dir='ltr' id='par_1_7' title="bbox 186 1797 1795 2142">
     <span class='ocr_line' id='line_1_17' title="bbox 186 1797 1793 1881; baseline 0.008 -27"><span class='ocrx_word' id='word_1_213' title='bbox 186 1800 302 1854; x_wconf 82' lang='lat' dir='ltr'><strong>collinus</strong></span> <span class='ocrx_word' id='word_1_214' title='bbox 324 1817 485 1871; x_wconf 82' lang='lat' dir='ltr'><strong>quanquam</strong></span> <span class='ocrx_word' id='word_1_215' title='bbox 506 1817 539 1854; x_wconf 82' lang='lat' dir='ltr'><strong>ex</strong></span> <span class='ocrx_word' id='word_1_216' title='bbox 558 1799 719 1853; x_wconf 90' lang='lat' dir='ltr'><strong>auctoribus</strong></span> <span class='ocrx_word' id='word_1_217' title='bbox 738 1798 843 1868; x_wconf 83' lang='lat' dir='ltr'><strong>hausit,</strong></span> <span class='ocrx_word' id='word_1_218' title='bbox 863 1800 966 1872; x_wconf 83' lang='lat' dir='ltr'><strong>quibus</strong></span> <span class='ocrx_word' id='word_1_219' title='bbox 1008 1826 1051 1862; x_wconf 83' lang='grc' dir='ltr'><strong>τον</strong></span> <span class='ocrx_word' id='word_1_220' title='bbox 1074 1807 1096 1863; x_wconf 84' lang='grc' dir='ltr'><strong>δ’</strong></span> <span class='ocrx_word' id='word_1_221' title='bbox 1119 1797 1168 1881; x_wconf 74' lang='grc' dir='ltr'><strong>ἦν,</strong></span> <span class='ocrx_word' id='word_1_222' title='bbox 1192 1810 1300 1881; x_wconf 84' lang='lat' dir='ltr'><strong>pergit,</strong></span> <span class='ocrx_word' id='word_1_223' title='bbox 1323 1803 1484 1872; x_wconf 78' lang='grc' dir='ltr'>διεξελθόντα</span> <span class='ocrx_word' id='word_1_224' title='bbox 1504 1803 1538 1862; x_wconf 76' lang='grc' dir='ltr'><strong>τὰ</strong></span> <span class='ocrx_word' id='word_1_225' title='bbox 1555 1804 1644 1863; x_wconf 79' lang='grc' dir='ltr'>πάντα</span> <span class='ocrx_word' id='word_1_226' title='bbox 1665 1809 1793 1879; x_wconf 71' lang='grc' dir='ltr'>τελευτὴν</span> 
     </span>
     <span class='ocr_line' id='line_1_18' title="bbox 186 1883 1795 1972; baseline 0.002 -34"><span class='ocrx_word' id='word_1_227' title='bbox 186 1896 270 1940; x_wconf 76' lang='lat' dir='ltr'><strong>nolus</strong></span> <span class='ocrx_word' id='word_1_228' title='bbox 283 1897 343 1940; x_wconf 73' lang='lat' dir='ltr'><strong>erili</strong></span> <span class='ocrx_word' id='word_1_229' title='bbox 355 1886 517 1958; x_wconf 72' lang='lat' dir='ltr'><strong>Cratippus,</strong></span> <span class='ocrx_word' id='word_1_230' title='bbox 532 1895 624 1940; x_wconf 73' lang='lat' dir='ltr'><strong>lamen</strong></span> <span class='ocrx_word' id='word_1_231' title='bbox 637 1883 696 1958; x_wconf 76' lang='lat' dir='ltr'><strong>ejus</strong></span> <span class='ocrx_word' id='word_1_232' title='bbox 706 1903 766 1940; x_wconf 83' lang='lat' dir='ltr'><strong>non</strong></span> <span class='ocrx_word' id='word_1_233' title='bbox 777 1886 905 1940; x_wconf 82' lang='lat' dir='ltr'><strong>memlnll</strong></span> <span class='ocrx_word' id='word_1_234' title='bbox 918 1887 964 1940; x_wconf 88' lang='lat' dir='ltr'><strong>in-</strong></span> <span class='ocrx_word' id='word_1_235' title='bbox 1008 1892 1169 1964; x_wconf 67' lang='grc' dir='ltr'>ποιήσασθαι</span> <span class='ocrx_word' id='word_1_236' title='bbox 1180 1897 1228 1965; x_wconf 67' lang='grc' dir='ltr'><strong>τῆς</strong></span> <span class='ocrx_word' id='word_1_237' title='bbox 1245 1892 1360 1972; x_wconf 64' lang='grc' dir='ltr'><strong>ἱστορίας</strong></span> <span class='ocrx_word' id='word_1_238' title='bbox 1370 1892 1418 1964; x_wconf 60' lang='grc' dir='ltr'><strong>τὴν</strong></span> <span class='ocrx_word' id='word_1_239' title='bbox 1432 1893 1666 1970; x_wconf 50' lang='lat' dir='ltr'><strong>stoevptwttrl‘tdmv,</strong></span> <span class='ocrx_word' id='word_1_240' title='bbox 1674 1896 1722 1954; x_wconf 73' lang='grc' dir='ltr'><strong>χαὶ</strong></span> <span class='ocrx_word' id='word_1_241' title='bbox 1736 1898 1795 1972; x_wconf 64' lang='grc' dir='ltr'><strong>μά.</strong></span> 
     </span>
     <span class='ocr_line' id='line_1_19' title="bbox 187 1955 1794 2058; baseline 0.002 -32"><span class='ocrx_word' id='word_1_242' title='bbox 187 1983 305 2041; x_wconf 87' lang='lat' dir='ltr'><strong>tereos,</strong></span> <span class='ocrx_word' id='word_1_243' title='bbox 317 1975 367 2046; x_wconf 93' lang='lat' dir='ltr'><strong>qui</strong></span> <span class='ocrx_word' id='word_1_244' title='bbox 378 1955 573 2045; x_wconf 72' lang='lat' dir='ltr'><strong>&gt;thucydideas</strong></span> <span class='ocrx_word' id='word_1_245' title='bbox 584 1972 711 2028; x_wconf 87' lang='lat' dir='ltr'><strong>historias</strong></span> <span class='ocrx_word' id='word_1_246' title='bbox 723 1975 960 2029; x_wconf 87' lang='lat' dir='ltr'><strong>continuaverint.</strong></span> <span class='ocrx_word' id='word_1_247' title='bbox 1009 1979 1147 2047; x_wconf 70' lang='lat' dir='ltr'><strong>hieremie</strong></span> <span class='ocrx_word' id='word_1_248' title='bbox 1160 1979 1284 2039; x_wconf 63' lang='grc' dir='ltr'><strong>ἀκούουσι</strong></span> <span class='ocrx_word' id='word_1_249' title='bbox 1294 1979 1496 2058; x_wconf 63' lang='grc' dir='ltr'>κεχαρισμένην,</span> <span class='ocrx_word' id='word_1_250' title='bbox 1510 1985 1604 2056; x_wconf 69' lang='lat' dir='ltr'><strong>Atque</strong></span> <span class='ocrx_word' id='word_1_251' title='bbox 1613 1985 1699 2039; x_wconf 67' lang='lat' dir='ltr'><strong>talem</strong></span> <span class='ocrx_word' id='word_1_252' title='bbox 1705 1984 1794 2042; x_wconf 67' lang='lat' dir='ltr'><strong>finem</strong></span> 
     </span>
     <span class='ocr_line' id='line_1_20' title="bbox 186 2056 1795 2142; baseline 0.006 -25"><span class='ocrx_word' id='word_1_253' title='bbox 186 2062 284 2133; x_wconf 86' lang='lat' dir='ltr'><strong>Neque</strong></span> <span class='ocrx_word' id='word_1_254' title='bbox 292 2061 441 2133; x_wconf 80' lang='lat' dir='ltr'><strong>Dionysius</strong></span> <span class='ocrx_word' id='word_1_255' title='bbox 452 2060 616 2132; x_wconf 79' lang='lat' dir='ltr'><strong>Cratippum</strong></span> <span class='ocrx_word' id='word_1_256' title='bbox 625 2057 657 2114; x_wconf 74' lang='lat' dir='ltr'><strong>elz</strong></span> <span class='ocrx_word' id='word_1_257' title='bbox 673 2056 883 2138; x_wconf 76' lang='grc' dir='ltr'>παραλειφθέντα</span> <span class='ocrx_word' id='word_1_258' title='bbox 898 2059 964 2118; x_wconf 87' lang='grc' dir='ltr'>Θου·</span> <span class='ocrx_word' id='word_1_259' title='bbox 1010 2070 1066 2142; x_wconf 71' lang='lat' dir='ltr'><strong>ipse</strong></span> <span class='ocrx_word' id='word_1_260' title='bbox 1076 2071 1228 2142; x_wconf 73' lang='lat' dir='ltr'><strong>Dionysius</strong></span> <span class='ocrx_word' id='word_1_261' title='bbox 1246 2069 1405 2142; x_wconf 83' lang='lat' dir='ltr'><strong>&#39;lhucydidi</strong></span> <span class='ocrx_word' id='word_1_262' title='bbox 1418 2070 1617 2142; x_wconf 88' lang='lat' dir='ltr'><strong>propositurus</strong></span> <span class='ocrx_word' id='word_1_263' title='bbox 1635 2069 1731 2127; x_wconf 80' lang='lat' dir='ltr'><strong>suisset</strong></span> <span class='ocrx_word' id='word_1_264' title='bbox 1744 2069 1795 2141; x_wconf 72' lang='grc' dir='ltr'><strong>τὴν</strong></span> 
     </span>
    </p>
   </div>
   <div class='ocr_carea' id='block_1_8' title="bbox 187 2145 1910 2234">
    <p class='ocr_par' dir='ltr' id='par_1_8' title="bbox 187 2145 1910 2234">
     <span class='ocr_line' id='line_1_21' title="bbox 187 2145 1910 2234; baseline 0.002 -28"><span class='ocrx_word' id='word_1_265' title='bbox 187 2147 290 2206; x_wconf 83' lang='grc' dir='ltr'>κυδίδου</span> <span class='ocrx_word' id='word_1_266' title='bbox 306 2153 459 2223; x_wconf 82' lang='grc' dir='ltr'>συναγαγεῖν</span> <span class='ocrx_word' id='word_1_267' title='bbox 481 2147 607 2215; x_wconf 82' lang='lat' dir='ltr'><strong>dixisset,</strong></span> <span class='ocrx_word' id='word_1_268' title='bbox 622 2149 645 2202; x_wconf 91' lang='lat' dir='ltr'><strong>si</strong></span> <span class='ocrx_word' id='word_1_269' title='bbox 661 2147 742 2203; x_wconf 89' lang='lat' dir='ltr'><strong>abeo</strong></span> <span class='ocrx_word' id='word_1_270' title='bbox 756 2148 901 2202; x_wconf 91' lang='lat' dir='ltr'><strong>historiam</strong></span> <span class='ocrx_word' id='word_1_271' title='bbox 914 2167 964 2204; x_wconf 87' lang='lat' dir='ltr'><strong>us-</strong></span> <span class='ocrx_word' id='word_1_272' title='bbox 1009 2151 1118 2212; x_wconf 76' lang='grc' dir='ltr'>κάθοδον</span> <span class='ocrx_word' id='word_1_273' title='bbox 1132 2157 1184 2212; x_wconf 69' lang='grc' dir='ltr'><strong>τῶν</strong></span> <span class='ocrx_word' id='word_1_274' title='bbox 1196 2151 1317 2234; x_wconf 73' lang='grc' dir='ltr'>φυγάδων</span> <span class='ocrx_word' id='word_1_275' title='bbox 1327 2155 1379 2210; x_wconf 78' lang='grc' dir='ltr'><strong>τῶν</strong></span> <span class='ocrx_word' id='word_1_276' title='bbox 1394 2152 1446 2211; x_wconf 83' lang='grc' dir='ltr'><strong>ἀπὸ</strong></span> <span class='ocrx_word' id='word_1_277' title='bbox 1460 2152 1567 2225; x_wconf 82' lang='grc' dir='ltr'>Φύλης,</span> <span class='ocrx_word' id='word_1_278' title='bbox 1582 2152 1626 2233; x_wconf 74' lang='grc' dir='ltr'><strong>ἄρ’</strong></span> <span class='ocrx_word' id='word_1_279' title='bbox 1638 2145 1794 2225; x_wconf 55' lang='lat' dir='ltr'><strong>dranche(</strong></span> <span class='ocrx_word' id='word_1_280' title='bbox 1908 2191 1910 2199; x_wconf 38' lang='grc' dir='ltr'>ι</span> 
     </span>
    </p>
   </div>
   <div class='ocr_carea' id='block_1_9' title="bbox 163 2234 1795 2492">
    <p class='ocr_par' dir='ltr' id='par_1_9' title="bbox 163 2234 1795 2492">
     <span class='ocr_line' id='line_1_22' title="bbox 187 2234 1794 2321; baseline 0.006 -28"><span class='ocrx_word' id='word_1_281' title='bbox 187 2255 243 2310; x_wconf 89' lang='lat' dir='ltr'><strong>que</strong></span> <span class='ocrx_word' id='word_1_282' title='bbox 256 2237 293 2293; x_wconf 91' lang='lat' dir='ltr'><strong>ad</strong></span> <span class='ocrx_word' id='word_1_283' title='bbox 306 2238 437 2311; x_wconf 84' lang='lat' dir='ltr'><strong>proelium</strong></span> <span class='ocrx_word' id='word_1_284' title='bbox 451 2235 582 2290; x_wconf 83' lang='lat' dir='ltr'><strong>Cnidium</strong></span> <span class='ocrx_word' id='word_1_285' title='bbox 596 2234 747 2290; x_wconf 67' lang='lat' dir='ltr'><strong>deductam</strong></span> <span class='ocrx_word' id='word_1_286' title='bbox 760 2253 818 2289; x_wconf 72' lang='lat' dir='ltr'><strong>esse</strong></span> <span class='ocrx_word' id='word_1_287' title='bbox 832 2235 962 2288; x_wconf 71' lang='lat' dir='ltr'><strong>novisset·</strong></span> <span class='ocrx_word' id='word_1_288' title='bbox 1010 2239 1143 2321; x_wconf 69' lang='grc' dir='ltr'>ἀρξαμένη</span> <span class='ocrx_word' id='word_1_289' title='bbox 1158 2239 1206 2312; x_wconf 73' lang='grc' dir='ltr'><strong>τὴν</strong></span> <span class='ocrx_word' id='word_1_290' title='bbox 1223 2239 1370 2320; x_wconf 72' lang='grc' dir='ltr'>ἐλευθερίαν</span> <span class='ocrx_word' id='word_1_291' title='bbox 1390 2239 1542 2316; x_wconf 74' lang='grc' dir='ltr'>ἐκομίσατο.</span> <span class='ocrx_word' id='word_1_292' title='bbox 1565 2243 1701 2298; x_wconf 90' lang='lat' dir='ltr'><strong>Similiter</strong></span> <span class='ocrx_word' id='word_1_293' title='bbox 1721 2247 1794 2301; x_wconf 79' lang='lat' dir='ltr'><strong>Cra-</strong></span> 
     </span>
     <span class='ocr_line' id='line_1_23' title="bbox 163 2321 1795 2405; baseline 0.001 -27"><span class='ocrx_word' id='word_1_294' title='bbox 163 2375 167 2382; x_wconf 79' lang='grc'><strong>,</strong></span> <span class='ocrx_word' id='word_1_295' title='bbox 185 2325 263 2397; x_wconf 84' lang='lat' dir='ltr'><strong>Quid</strong></span> <span class='ocrx_word' id='word_1_296' title='bbox 283 2325 369 2398; x_wconf 80' lang='lat' dir='ltr'><strong>igitur</strong></span> <span class='ocrx_word' id='word_1_297' title='bbox 388 2321 548 2377; x_wconf 84' lang='lat' dir='ltr'><strong>faciendum</strong></span> <span class='ocrx_word' id='word_1_298' title='bbox 570 2322 634 2377; x_wconf 92' lang='lat' dir='ltr'><strong>loeo</strong></span> <span class='ocrx_word' id='word_1_299' title='bbox 653 2321 814 2377; x_wconf 83' lang='lat' dir='ltr'><strong>Plutarchi?</strong></span> <span class='ocrx_word' id='word_1_300' title='bbox 829 2321 964 2393; x_wconf 84' lang='lat' dir='ltr'><strong>Cratippo</strong></span> <span class='ocrx_word' id='word_1_301' title='bbox 1009 2331 1103 2402; x_wconf 80' lang='lat' dir='ltr'><strong>tippus</strong></span> <span class='ocrx_word' id='word_1_302' title='bbox 1112 2330 1295 2402; x_wconf 74' lang='lat' dir='ltr'><strong>judicaverit,</strong></span> <span class='ocrx_word' id='word_1_303' title='bbox 1318 2331 1469 2384; x_wconf 80' lang='lat' dir='ltr'><strong>terminum</strong></span> <span class='ocrx_word' id='word_1_304' title='bbox 1490 2330 1661 2384; x_wconf 81' lang='lat' dir='ltr'><strong>narrationis</strong></span> <span class='ocrx_word' id='word_1_305' title='bbox 1680 2351 1795 2405; x_wconf 69' lang='lat' dir='ltr'><strong>ponens</strong></span> 
     </span>
     <span class='ocr_line' id='line_1_24' title="bbox 186 2408 1794 2492; baseline -0.004 -23"><span class='ocrx_word' id='word_1_306' title='bbox 186 2414 295 2469; x_wconf 89' lang='lat' dir='ltr'><strong>auctori</strong></span> <span class='ocrx_word' id='word_1_307' title='bbox 310 2412 436 2468; x_wconf 83' lang='lat' dir='ltr'><strong>tribuisse</strong></span> <span class='ocrx_word' id='word_1_308' title='bbox 447 2410 560 2466; x_wconf 83' lang='lat' dir='ltr'><strong>videtur</strong></span> <span class='ocrx_word' id='word_1_309' title='bbox 571 2429 633 2484; x_wconf 88' lang='lat' dir='ltr'><strong>quae</strong></span> <span class='ocrx_word' id='word_1_310' title='bbox 647 2421 727 2466; x_wconf 91' lang='lat' dir='ltr'><strong>erant</strong></span> <span class='ocrx_word' id='word_1_311' title='bbox 737 2409 862 2482; x_wconf 89' lang='lat' dir='ltr'><strong>Cratippi</strong></span> <span class='ocrx_word' id='word_1_312' title='bbox 873 2408 964 2464; x_wconf 92' lang='lat' dir='ltr'><strong>edito·</strong></span> <span class='ocrx_word' id='word_1_313' title='bbox 1008 2417 1132 2472; x_wconf 72' lang='lat' dir='ltr'><strong>cononis</strong></span> <span class='ocrx_word' id='word_1_314' title='bbox 1144 2417 1293 2485; x_wconf 73' lang='lat' dir='ltr'><strong>victorias,</strong></span> <span class='ocrx_word' id='word_1_315' title='bbox 1314 2435 1396 2471; x_wconf 63' lang='lat' dir='ltr'><strong>nova</strong></span> <span class='ocrx_word' id='word_1_316' title='bbox 1409 2416 1626 2472; x_wconf 70' lang='lat' dir='ltr'><strong>Atheniensibus</strong></span> <span class='ocrx_word' id='word_1_317' title='bbox 1645 2428 1674 2471; x_wconf 73' lang='lat' dir='ltr'><strong>et</strong></span> <span class='ocrx_word' id='word_1_318' title='bbox 1694 2419 1794 2492; x_wconf 61' lang='lat' dir='ltr'><strong>impe.</strong></span> 
     </span>
    </p>
   </div>
   <div class='ocr_carea' id='block_1_10' title="bbox 186 2496 1792 2922">
    <p class='ocr_par' dir='ltr' id='par_1_10' title="bbox 186 2496 1371 2577">
     <span class='ocr_line' id='line_1_25' title="bbox 186 2496 1371 2577; baseline 0.002 -21"><span class='ocrx_word' id='word_1_319' title='bbox 186 2503 223 2556; x_wconf 90' lang='lat' dir='ltr'><strong>ris</strong></span> <span class='ocrx_word' id='word_1_320' title='bbox 234 2512 263 2556; x_wconf 93' lang='lat' dir='ltr'><strong>et</strong></span> <span class='ocrx_word' id='word_1_321' title='bbox 274 2501 510 2556; x_wconf 87' lang='lat' dir='ltr'><strong>commentatoris.</strong></span> <span class='ocrx_word' id='word_1_322' title='bbox 526 2499 664 2554; x_wconf 79' lang='lat' dir='ltr'><strong>Nimirum</strong></span> <span class='ocrx_word' id='word_1_323' title='bbox 674 2499 712 2552; x_wconf 91' lang='lat' dir='ltr'><strong>ita</strong></span> <span class='ocrx_word' id='word_1_324' title='bbox 720 2514 780 2552; x_wconf 89' lang='lat' dir='ltr'><strong>rem</strong></span> <span class='ocrx_word' id='word_1_325' title='bbox 793 2514 851 2551; x_wconf 86' lang='lat' dir='ltr'><strong>sese</strong></span> <span class='ocrx_word' id='word_1_326' title='bbox 860 2496 964 2552; x_wconf 89' lang='lat' dir='ltr'><strong>habere</strong></span> <span class='ocrx_word' id='word_1_327' title='bbox 1009 2515 1075 2557; x_wconf 79' lang='lat' dir='ltr'><strong>ratae</strong></span> <span class='ocrx_word' id='word_1_328' title='bbox 1085 2514 1213 2560; x_wconf 88' lang='lat' dir='ltr'><strong>auctores</strong></span> <span class='ocrx_word' id='word_1_329' title='bbox 1225 2504 1371 2577; x_wconf 74' lang='lat' dir='ltr'><strong>potentie.</strong></span> 
     </span>
    </p>

    <p class='ocr_par' dir='ltr' id='par_1_11' title="bbox 186 2582 965 2662">
     <span class='ocr_line' id='line_1_26' title="bbox 186 2582 965 2662; baseline -0.01 -19"><span class='ocrx_word' id='word_1_330' title='bbox 186 2590 312 2662; x_wconf 90' lang='lat' dir='ltr'><strong>suspicor</strong></span> <span class='ocrx_word' id='word_1_331' title='bbox 328 2607 334 2641; x_wconf 93' lang='lat'><strong>:</strong></span> <span class='ocrx_word' id='word_1_332' title='bbox 350 2587 448 2642; x_wconf 86' lang='lat' dir='ltr'><strong>Edidit</strong></span> <span class='ocrx_word' id='word_1_333' title='bbox 460 2587 608 2659; x_wconf 88' lang='lat' dir='ltr'><strong>Cratippus</strong></span> <span class='ocrx_word' id='word_1_334' title='bbox 621 2603 692 2658; x_wconf 91' lang='lat' dir='ltr'><strong>opus</strong></span> <span class='ocrx_word' id='word_1_335' title='bbox 704 2583 870 2638; x_wconf 89' lang='lat' dir='ltr'><strong>historicum</strong></span> <span class='ocrx_word' id='word_1_336' title='bbox 884 2582 965 2654; x_wconf 91' lang='lat' dir='ltr'><strong>quod</strong></span> 
     </span>
    </p>

    <p class='ocr_par' dir='ltr' id='par_1_12' title="bbox 187 2669 1792 2922">
     <span class='ocr_line' id='line_1_27' title="bbox 187 2669 1791 2757; baseline -0.009 -27"><span class='ocrx_word' id='word_1_337' title='bbox 187 2675 359 2748; x_wconf 83' lang='lat' dir='ltr'><strong>Thucydidis</strong></span> <span class='ocrx_word' id='word_1_338' title='bbox 384 2675 513 2730; x_wconf 92' lang='lat' dir='ltr'><strong>historias</strong></span> <span class='ocrx_word' id='word_1_339' title='bbox 532 2692 589 2728; x_wconf 88' lang='lat' dir='ltr'><strong>una</strong></span> <span class='ocrx_word' id='word_1_340' title='bbox 613 2691 678 2727; x_wconf 89' lang='lat' dir='ltr'><strong>eum</strong></span> <span class='ocrx_word' id='word_1_341' title='bbox 697 2671 848 2726; x_wconf 88' lang='lat' dir='ltr'><strong>Hellenicis</strong></span> <span class='ocrx_word' id='word_1_342' title='bbox 867 2669 963 2724; x_wconf 89' lang='lat' dir='ltr'><strong>&#39;lheo-</strong></span> <span class='ocrx_word' id='word_1_343' title='bbox 1040 2694 1071 2757; x_wconf 70' lang='grc' dir='ltr'><strong>(ι)</strong></span> <span class='ocrx_word' id='word_1_344' title='bbox 1087 2693 1180 2743; x_wconf 44' lang='grc' dir='ltr'><strong>θρίω·</strong></span> <span class='ocrx_word' id='word_1_345' title='bbox 1192 2693 1289 2748; x_wconf 49' lang='lat' dir='ltr'><strong>mm</strong></span> <span class='ocrx_word' id='word_1_346' title='bbox 1298 2693 1535 2755; x_wconf 39' lang='lat' dir='ltr'><strong>mmmmm&lt;</strong></span> <span class='ocrx_word' id='word_1_347' title='bbox 1545 2691 1582 2740; x_wconf 56' lang='grc' dir='ltr'><strong>ἐπὶ</strong></span> <span class='ocrx_word' id='word_1_348' title='bbox 1595 2691 1710 2754; x_wconf 50' lang='grc' dir='ltr'><strong>Ἀδριανοῦ</strong></span> <span class='ocrx_word' id='word_1_349' title='bbox 1727 2695 1791 2742; x_wconf 56' lang='grc' dir='ltr'><strong>Καί,</strong></span> 
     </span>
     <span class='ocr_line' id='line_1_28' title="bbox 187 2759 1790 2840; baseline -0.005 -23"><span class='ocrx_word' id='word_1_350' title='bbox 187 2765 286 2836; x_wconf 89' lang='lat' dir='ltr'><strong>pompi</strong></span> <span class='ocrx_word' id='word_1_351' title='bbox 300 2761 540 2834; x_wconf 87' lang='lat' dir='ltr'><strong>complectebatur</strong></span> <span class='ocrx_word' id='word_1_352' title='bbox 559 2779 566 2813; x_wconf 78' lang='grc' dir='ltr'>ι</span> <span class='ocrx_word' id='word_1_353' title='bbox 589 2761 627 2814; x_wconf 90' lang='lat' dir='ltr'><strong>ita</strong></span> <span class='ocrx_word' id='word_1_354' title='bbox 646 2770 753 2825; x_wconf 88' lang='lat' dir='ltr'><strong>tamen,</strong></span> <span class='ocrx_word' id='word_1_355' title='bbox 771 2768 804 2811; x_wconf 94' lang='lat' dir='ltr'><strong>ut</strong></span> <span class='ocrx_word' id='word_1_356' title='bbox 820 2767 962 2830; x_wconf 89' lang='lat' dir='ltr'><strong>postrema</strong></span> <span class='ocrx_word' id='word_1_357' title='bbox 1009 2777 1089 2826; x_wconf 79' lang='grc' dir='ltr'>σαρος·</span> <span class='ocrx_word' id='word_1_358' title='bbox 1103 2763 1200 2824; x_wconf 73' lang='grc' dir='ltr'>ἔγραψεν</span> <span class='ocrx_word' id='word_1_359' title='bbox 1248 2763 1280 2817; x_wconf 74' lang='grc' dir='ltr'><strong>εἰς</strong></span> <span class='ocrx_word' id='word_1_360' title='bbox 1290 2761 1433 2817; x_wconf 74' lang='grc' dir='ltr'>θοοιιυδίδην</span> <span class='ocrx_word' id='word_1_361' title='bbox 1442 2762 1483 2808; x_wconf 86' lang='grc' dir='ltr'><strong>ιιαὶ</strong></span> <span class='ocrx_word' id='word_1_362' title='bbox 1492 2759 1642 2840; x_wconf 70' lang='grc' dir='ltr'>Ἀιιοιιρίλοιρν</span> <span class='ocrx_word' id='word_1_363' title='bbox 1653 2763 1695 2808; x_wconf 70' lang='grc' dir='ltr'><strong>καὶ</strong></span> <span class='ocrx_word' id='word_1_364' title='bbox 1704 2763 1790 2818; x_wconf 73' lang='grc' dir='ltr'>ἄλλως</span> 
     </span>
     <span class='ocr_line' id='line_1_29' title="bbox 187 2828 1792 2922; baseline -0.007 -17"><span class='ocrx_word' id='word_1_365' title='bbox 187 2848 362 2922; x_wconf 72' lang='lat' dir='ltr'><strong>Thucydidei</strong></span> <span class='ocrx_word' id='word_1_366' title='bbox 375 2849 468 2922; x_wconf 91' lang='lat' dir='ltr'><strong>operis</strong></span> <span class='ocrx_word' id='word_1_367' title='bbox 479 2857 642 2901; x_wconf 83' lang='lat' dir='ltr'><strong>retractaret</strong></span> <span class='ocrx_word' id='word_1_368' title='bbox 650 2846 791 2918; x_wconf 90' lang='lat' dir='ltr'><strong>simulque</strong></span> <span class='ocrx_word' id='word_1_369' title='bbox 802 2863 818 2898; x_wconf 95' lang='lat' dir='ltr'><strong>e</strong></span> <span class='ocrx_word' id='word_1_370' title='bbox 828 2862 879 2898; x_wconf 92' lang='lat' dir='ltr'><strong>suo</strong></span> <span class='ocrx_word' id='word_1_371' title='bbox 887 2861 964 2915; x_wconf 93' lang='lat' dir='ltr'><strong>penu</strong></span> <span class='ocrx_word' id='word_1_372' title='bbox 1008 2833 1173 2894; x_wconf 60' lang='grc' dir='ltr'><strong>ὑπομνήματα·</strong></span> <span class='ocrx_word' id='word_1_373' title='bbox 1182 2858 1215 2867; x_wconf 88' lang='grc'>-</span> <span class='ocrx_word' id='word_1_374' title='bbox 1222 2851 1234 2872; x_wconf 75' lang='lat'><strong>‘¹</strong></span> <span class='ocrx_word' id='word_1_375' title='bbox 1245 2831 1396 2880; x_wconf 64' lang='lat' dir='ltr'><strong>Mifflfiffllflm</strong></span> <span class='ocrx_word' id='word_1_376' title='bbox 1406 2829 1463 2879; x_wconf 61' lang='lat'><strong>‘³⁶5²</strong></span> <span class='ocrx_word' id='word_1_377' title='bbox 1470 2828 1572 2877; x_wconf 49' lang='grc' dir='ltr'><strong>ΟΜΝ</strong></span> <span class='ocrx_word' id='word_1_378' title='bbox 1580 2830 1704 2891; x_wconf 56' lang='lat' dir='ltr'><strong>s‘inmitti‘</strong></span> <span class='ocrx_word' id='word_1_379' title='bbox 1713 2835 1792 2893; x_wconf 60' lang='grc' dir='ltr'><strong>(Μ</strong></span> 
     </span>
    </p>
   </div>
   <div class='ocr_carea' id='block_1_11' title="bbox 187 2897 1793 3104">
    <p class='ocr_par' dir='ltr' id='par_1_13' title="bbox 187 2897 1793 3104">
     <span class='ocr_line' id='line_1_30' title="bbox 187 2897 1793 3034; baseline -0.02 -41"><span class='ocrx_word' id='word_1_380' title='bbox 187 2938 306 2993; x_wconf 89' lang='lat' dir='ltr'><strong>adderet</strong></span> <span class='ocrx_word' id='word_1_381' title='bbox 318 2954 380 3008; x_wconf 87' lang='lat' dir='ltr'><strong>quae</strong></span> <span class='ocrx_word' id='word_1_382' title='bbox 399 2935 530 3006; x_wconf 90' lang='lat' dir='ltr'><strong>deinceps</strong></span> <span class='ocrx_word' id='word_1_383' title='bbox 546 2943 710 3006; x_wconf 78' lang='lat' dir='ltr'><strong>gestasunt,</strong></span> <span class='ocrx_word' id='word_1_384' title='bbox 722 2930 858 3003; x_wconf 87' lang='lat' dir='ltr'><strong>usquead</strong></span> <span class='ocrx_word' id='word_1_385' title='bbox 877 2928 964 2984; x_wconf 89' lang='lat' dir='ltr'><strong>finem</strong></span> <span class='ocrx_word' id='word_1_386' title='bbox 1008 2897 1793 3034; x_wconf 41' lang='lat' dir='ltr'><strong>fflffgfflffifftqffmffiyffffiphwvffp</strong></span> 
     </span>
     <span class='ocr_line' id='line_1_31' title="bbox 188 3010 1764 3104; baseline -0.017 -24"><span class='ocrx_word' id='word_1_387' title='bbox 188 3025 254 3080; x_wconf 89' lang='lat' dir='ltr'><strong>belli</strong></span> <span class='ocrx_word' id='word_1_388' title='bbox 265 3022 505 3096; x_wconf 89' lang='lat' dir='ltr'><strong>Peloponnesiaci.</strong></span> <span class='ocrx_word' id='word_1_389' title='bbox 521 3022 592 3076; x_wconf 85' lang='lat' dir='ltr'><strong>Nam</strong></span> <span class='ocrx_word' id='word_1_390' title='bbox 610 3019 669 3072; x_wconf 81' lang='lat' dir='ltr'><strong>haee</strong></span> <span class='ocrx_word' id='word_1_391' title='bbox 682 3018 883 3090; x_wconf 86' lang='lat' dir='ltr'><strong>Theopompus</strong></span> <span class='ocrx_word' id='word_1_392' title='bbox 893 3034 963 3088; x_wconf 91' lang='lat' dir='ltr'><strong>per·</strong></span> <span class='ocrx_word' id='word_1_393' title='bbox 1009 3047 1068 3094; x_wconf 55' lang='lat' dir='ltr'><strong>Hm</strong></span> <span class='ocrx_word' id='word_1_394' title='bbox 1079 3010 1243 3104; x_wconf 41' lang='grc' dir='ltr'><em>Μῶαν.</em></span> <span class='ocrx_word' id='word_1_395' title='bbox 1252 3043 1316 3092; x_wconf 66' lang='lat' dir='ltr'><strong>Num</strong></span> <span class='ocrx_word' id='word_1_396' title='bbox 1327 3039 1454 3103; x_wconf 55' lang='lat' dir='ltr'><strong>legendum</strong></span> <span class='ocrx_word' id='word_1_397' title='bbox 1466 3039 1507 3086; x_wconf 55' lang='lat' dir='ltr'><strong>m,</strong></span> <span class='ocrx_word' id='word_1_398' title='bbox 1518 3037 1670 3100; x_wconf 43' lang='lat' dir='ltr'><strong>popum?</strong></span> <span class='ocrx_word' id='word_1_399' title='bbox 1759 3012 1764 3021; x_wconf 91' lang='lat'>&#39;</span> 
     </span>
    </p>
   </div>
   <div class='ocr_carea' id='block_1_12' title="bbox 188 3103 964 3178">
    <p class='ocr_par' dir='ltr' id='par_1_14' title="bbox 188 3103 964 3178">
     <span class='ocr_line' id='line_1_32' title="bbox 188 3103 964 3178; baseline -0.01 -12"><span class='ocrx_word' id='word_1_400' title='bbox 188 3111 311 3166; x_wconf 81' lang='lat' dir='ltr'><strong>breviter</strong></span> <span class='ocrx_word' id='word_1_401' title='bbox 321 3127 379 3166; x_wconf 94' lang='lat' dir='ltr'><strong>uno</strong></span> <span class='ocrx_word' id='word_1_402' title='bbox 392 3107 465 3162; x_wconf 91' lang='lat' dir='ltr'><strong>libro</strong></span> <span class='ocrx_word' id='word_1_403' title='bbox 480 3105 652 3174; x_wconf 88' lang='lat' dir='ltr'><strong>absolverat;</strong></span> <span class='ocrx_word' id='word_1_404' title='bbox 670 3115 770 3159; x_wconf 91' lang='lat' dir='ltr'><strong>eontra</strong></span> <span class='ocrx_word' id='word_1_405' title='bbox 787 3103 964 3178; x_wconf 88' lang='lat' dir='ltr'><strong>sequentium</strong></span> 
     </span>
    </p>
   </div>
   <div class='ocr_carea' id='block_1_13' title="bbox 0 0 1927 5767">
    <p class='ocr_par' dir='ltr' id='par_1_15' title="bbox 0 0 1927 5767">
     <span class='ocr_line' id='line_1_33' title="bbox 0 0 1927 5767; baseline 0 0"><span class='ocrx_word' id='word_1_406' title='bbox 0 0 1927 5767; x_wconf 95' lang='lat' dir='ltr'><strong> </strong></span> 
     </span>
    </p>
   </div>
  </div>
 </body>
</html>
