3834 5767
199 402 255 452 sse
736 390 988 451 exseramus
1010 390 1249 470 serenarum

237 568 319 635 Magi
329 564 465 617 atensibus
478 576 580 637 septem
593 565 641 638 (11,
646 563 713 639 95].

239 652 342 707 Darius
353 656 434 704 annis
443 653 585 705 XXXVI
594 652 604 717 i
615 650 809 725 1496-1531.)

236 740 345 791 Xerxes
358 739 437 791 Darii
449 744 532 792 annis
544 740 642 811 XXI(
655 738 847 812 ista-1552).

235 828 406 879 Artaxerxes
419 830 502 879 annis
516 827 572 880 XL
584 824 794 899 (1553-1592).

235 914 347 965 Xerxes
356 915 429 966 alter
443 914 582 967 mensibus
590 915 635 970 11.

216 1048 435 1058 munda—„m

208 1340 209 1343 ’
247 1341 267 1381 ι.
285 1333 421 1395 cambyses

207 1422 209 1473 ἶ
245 1432 267 1473 t.
284 1424 397 1475 smerdis.

246 1523 268 1565 t.
287 1516 372 1576 Daritis
388 1518 409 1565 1.

245 1611 268 1657 t.
287 1609 378 1656 Xerxes
395 1610 414 1657 Ι.

245 1704 267 1747 t.
286 1699 428 1749 Artabanus.

244 1797 266 1839 6.
284 1793 428 1841 Artaxerxes
442 1795 463 1842 Ι.

244 1887 267 1931 7.
285 1886 376 1932 xerxes
392 1885 424 1933 ΙΙ.

812 1333 950 1395 cambyses.

721 1538 733 1560 u
811 1516 897 1566 Dflfiilfl
914 1519 933 1566 I·

811 1608 912 1661 xerxes.

675 1720 695 1765 ¹·¹
812 1698 953 1749 Artabanus.

811 1886 902 1933 xerxes
918 1886 949 1934 ΙΙ.

812 1975 952 2037 sogdianus

720 2086 732 2110 ι
812 2068 906 2117 Darius.

233 2297 328 2349 Primo
342 2296 406 2350 Ioco
420 2296 499 2368 posui
514 2314 602 2350 annos
612 2314 709 2369 regum
724 2296 885 2363 Persarum,
899 2314 971 2367 quos

193 2381 308 2437 historia
320 2382 479 2455 suppeditat
499 2401 552 2439 sec.
566 2383 688 2438 Clinton.
711 2384 743 2439 F.
767 2384 803 2439 II.
827 2392 896 2438 tom.
922 2383 968 2449 11,

193 2486 223 2539 p.
248 2468 303 2538 378
318 2467 363 2524 ed.
379 2478 442 2524 tert.
462 2468 532 2524 Cum
555 2469 598 2523 his
610 2471 633 2523 si
654 2470 858 2543 comparaveris
877 2470 970 2525 Cano·

193 2572 256 2609 nem
265 2556 579 2629 astronomicum,patet
586 2556 615 2609 in
625 2574 658 2611 eo
666 2558 778 2610 nonnisi
787 2557 909 2630 integros
916 2574 969 2611 en-

193 2658 245 2694 nos
262 2643 415 2710 numerari,
440 2643 477 2695 ita
490 2651 582 2697 tamen
594 2652 626 2696 ut
646 2642 919 2714 comprehendantur
936 2644 970 2696 iis

193 2748 295 2784 menses
308 2729 447 2797 smerdis,
460 2729 610 2797 Artabani,
627 2730 726 2784 Xerxis
738 2731 767 2783 ΙΙ
787 2739 813 2784 et
824 2729 967 2803 Sogdiani.

192 2815 297 2873 Contra
317 2816 447 2871 Manetbo
474 2815 583 2870 eosdem
609 2833 738 2870 numeros
768 2826 850 2888 atque
872 2816 970 2870 Canon

193 2904 395 2957 astronomicus
413 2902 535 2975 praebet,
551 2913 577 2957 et
590 2903 771 2956 nihilominus
783 2913 901 2957 mouet
911 2907 968 2957 Ar-

194 2992 302 3059 tabani,
327 2990 428 3045 Xerxis
461 3000 488 3043 et
510 2989 645 3063 Sogdiani
663 3008 767 3045 menses
787 2989 914 3049 sedecim.
928 3020 969 3030 -

194 3076 284 3131 Porro
307 3076 452 3149 Cambyses
476 3075 627 3131 secundum
661 3076 823 3131 Africanum
843 3077 968 3149 regnarit

192 3164 271 3217 annis
282 3161 391 3228 decem,
412 3164 448 3217 ita
461 3173 495 3217 ut
504 3164 619 3234 quintus
629 3164 665 3216 sit
677 3165 784 3235 primus
795 3162 968 3216 dominatio-

191 3250 235 3303 nis
245 3248 419 3323 ingptiacae.
434 3251 497 3303 IIoc
510 3250 608 3303 falsum
616 3261 663 3307 est.
676 3251 746 3304 Nam
757 3250 882 3323 regnarit
893 3266 967 3302 non-

192 3336 244 3389 nisi
260 3333 404 3391 tamise
419 3355 434 3404 7
453 3336 606 3405 mensibus3
618 3348 644 3391 et
657 3338 792 3408 quomam
805 3335 968 3410 AEgyptiaca

192 3422 250 3493 ejus
275 3422 430 3476 dominatio
448 3422 483 3476 ab
497 3424 575 3496 regni
594 3441 669 3477 anno
689 3424 790 3494 quinto
811 3425 968 3495 computari

192 3508 274 3577 solet,
286 3510 310 3564 ei
320 3507 461 3563 tribuendi
472 3517 544 3577 sunt,
554 3527 611 3562 non
621 3527 679 3577 sex,
689 3508 736 3563 sed
745 3519 879 3581 quattuor
892 3526 969 3564 snm-

192 3615 271 3651 muru
289 3614 391 3666 annos,
412 3596 456 3650 rel
469 3605 523 3650 tres
543 3604 570 3650 et
591 3595 709 3650 dimidia
721 3614 786 3668 pars
812 3595 857 3669 Γ).
879 3598 968 3670 Igitur

191 3683 331 3738 aberravit
349 3683 479 3739 Manetbo
491 3684 570 3737 annis
590 3682 644 3738 sere
656 3681 785 3751 dnobus,
802 3684 904 3756 quibus
917 3682 969 3737 ad-

192 3769 275 3824 dendi
291 3788 392 3825 menses
419 3770 463 3824 isti
481 3769 610 3827 sedecim.
638 3770 764 3841 Denique
786 3768 967 3842 ‘computandi

193 3866 298 3911 restant
322 3875 427 3912 menses
445 3875 491 3911 sex
512 3858 645 3929 postremi
659 3857 731 3930 regis
744 3856 877 3929 dynastia
891 3866 968 3911 anu-

190 3941 318 3999 cedentis.

230 4030 356 4085 Ceterum
371 4042 472 4104 praeter
486 4032 679 4086 Marathonem
692 4030 817 4087 Africani
827 4032 908 4087 etiem
915 4031 969 4084 Ve-

191 4125 236 4171 tus
246 4118 408 4173 Chronicon
421 4117 552 4191 dynastia·
564 4118 673 4173 XXVII
687 4118 787 4172 tribuit
795 4134 883 4172 anuos
900 4122 966 4181 124.

193 4204 332 4274 Errsebius,
346 4206 395 4277 qui
406 4206 435 4259 in
445 4207 574 4277 apposito
586 4206 719 4260 laterculo
726 4205 838 4258 nonnisi
853 4221 907 4257 rao
917 4221 968 4257 an·

191 4308 244 4344 nos
254 4292 313 4363 (sed
327 4292 357 4345 in
370 4292 481 4347 Canone
492 4310 558 4347 ann.
579 4291 649 4366 112)
665 4299 806 4359 numerat,
824 4288 859 4343 ad
874 4308 968 4343 veram

191 4375 334 4432 historiam
347 4377 465 4449 accedit3
486 4390 513 4434 et
523 4378 706 4452 probabiliter
720 4387 835 4432 auctore
851 4394 916 4431 usus
929 4386 967 4431 est

192 4464 242 4533 qui
255 4464 471 4521 Manethoniana
495 4467 699 4535 immutaverat3
713 4482 777 4519 narn
794 4474 826 4518 ut
838 4474 968 4535 putemus

192 4547 355 4604 Africanum
378 4552 409 4605 b.
433 4553 453 4606 I.
467 4572 527 4607 non
542 4554 663 4609 retulisse
683 4552 784 4619 relata,
803 4550 850 4605 sed
863 4569 965 4605 corru-

191 4636 277 4707 pisse,
291 4654 372 4691 eausa
389 4637 488 4695 idonea
502 4642 653 4715 excogitari
662 4642 709 4694 vix
724 4650 824 4712 potest.
841 4642 874 4695 V.
890 4640 966 4694 Borc-

191 4722 290 4777 thium
306 4741 335 4796 p.
355 4724 410 4779 352
424 4745 467 4799 sq.
480 4728 568 4782 Error
582 4730 668 4802 igitur
681 4729 765 4801 ipsius
777 4728 857 4784 fuerit
868 4730 965 4784 Mane·

191 4809 292 4864 tbonis.
605 4837 611 4845 ·

221 4994 252 5055 (Ι)
262 4996 352 5052 Quodsi
363 4998 389 5046 in
399 5003 555 5048 monumento
566 4998 676 5061 AEgyptio
693 5001 845 5049 onustum.
862 5003 964 5065 ffimby,

188 5062 556 5191 atatagpzpntettigendnsest
564 5071 646 5118 sextus
654 5070 964 5131 senseresensere.

904 1127 1056 1175 IIANETIIO
1072 1128 1141 1175 Arx.

721 1812 733 1833 n
813 1795 958 1841 Artaxerxes
977 1794 995 1841 t.

1056 566 1212 636 Sogdianus
1220 567 1354 619 iriensibus
1363 564 1391 617 V
1390 570 1408 619 I
1408 570 1426 619 I
1428 607 1434 620 .

1055 652 1159 705 Darius
1180 652 1286 705 Xerxis
1305 658 1388 705 annis
1409 652 1492 707 XIX
1506 653 1514 707 i
1524 655 1552 705 in
1574 670 1681 707 canone
1701 652 1793 708 XVIII

1016 738 1082 791 anni
1093 732 1288 812 numerantur)
1304 735 1515 813 (1593-1604).

1053 824 1169 879 Summa
1179 840 1312 878 asinorum
1329 826 1428 893 CXX,
1441 831 1628 898 mensiumque
1638 828 1696 883 IV.

1168 1338 1241 1383 ICu

1165 1522 1197 1567 aa
1229 1536 1241 1560 ι
1318 1516 1404 1567 usum
1420 1520 1440 1567 I.

1229 1626 1241 1651 ι
1318 1610 1416 1659 Xerxes.

1229 1812 1241 1835 υ
1319 1794 1470 1841 Artaxerxes.

1383 1127 1488 1176 CANON
1504 1128 1684 1179 Astaouosl.
1784 1151 1785 1176 ;

1053 2295 1173 2349 Nomina
1204 2296 1334 2369 Egyptia
1355 2312 1452 2367 regum
1476 2295 1622 2349 Persarum
1641 2296 1681 2351 ita
1698 2295 1794 2349 scribit
1899 2310 1900 2323 ¹

1016 2384 1133 2437 Bnnsen.
1152 2399 1182 2453 p.
1201 2388 1274 2455 149:

1054 2466 1214 2540 Cambyses,
1249 2484 1381 2521 unsara
1416 2466 1480 2541 (an.
1513 2468 1599 2521 VI⁰²¹¹⁸
1627 2485 1667 2521 sc.
1717 2467 1793 2540 regni
1899 2496 1900 2523 i

1014 2553 1138 2627 Persici).

1052 2647 1191 2720 DariusI,
1206 2662 1364 2703 ursaruson
1375 2644 1434 2719 (an.
1445 2646 1568 2701 XXXVI
1577 2646 1598 2719 i.

1051 2736 1192 2801 Xerxes1‚
1203 2750 1449 2789 cascar-rascas
1471 2732 1528 2807 (an.
1541 2733 1671 2809 XIIPW).

1054 2824 1214 2876 Artaxerxes
1226 2822 1256 2888 l,
1276 2837 1550 2876 tuncassos-susce
1567 2818 1629 2895 (an.
1653 2822 1790 2897 xvlw.)

1054 2908 1154 2963 Darius
1167 2910 1209 2978 11,
1218 2924 1376 2963 uraniuscu
1393 2907 1632 2981 (Meri-amn-ra).

1126 3086 1294 3141 VICESIMA
1314 3085 1462 3143 OCTAVA
1482 3086 1680 3144 DYNASTIA.

1379 3250 1425 3301 70·

1243 3388 1314 3444 SEC.
1336 3388 1561 3445 AFRICANUM.

1052 3528 1169 3599 Synceil.
1197 3545 1226 3600 p.
1250 3527 1347 3598 76‚A
1371 3546 1378 3585 :
1403 3524 1520 3594 Etaieis,
1539 3524 1618 3601 ὀγδόη
1642 3531 1791 3589 δυναστεία.
1899 3584 1900 3597 ,

1014 3610 1185 3691 Ἆμῦρτεοέ
1199 3610 1416 3693 (Ἀμύρτεωςῦ.)
1428 3608 1527 3683 Σαΐτης
1537 3612 1583 3683 ἔτη
1594 3614 1632 3678 ς’.

1258 3780 1334 3837 SEC.
1355 3780 1552 3836 EUSEBIUM.

1052 3920 1129 3975 Idem
1140 3938 1170 3992 p.
1183 3938 1234 3990 77,
1246 3923 1271 3974 A
1283 3935 1290 3975 :
1305 3911 1420 3983 Eixoori,
1430 3913 1507 3990 ὀγδόη
1518 3913 1667 3989 durentia.
1683 3914 1789 3996 'Apop-
1899 3900 1900 3971 i

1013 4006 1107 4068 ταῖος
1121 4002 1293 4081 (Ἀμυρτᾶνος
1305 4003 1352 4076 G.)
1368 4000 1468 4068 Σαΐτης
1478 3998 1524 4071 ἔτη
1539 4000 1577 4065 ς’.

1053 4092 1152 4147 Euseb.
1169 4092 1276 4150 Chron.
1288 4110 1318 4164 p.
1338 4088 1391 4145 105
1406 4104 1414 4146 :
1432 4084 1576 4161 Vigesime
1589 4103 1689 4145 oetam
1698 4093 1788 4163 dyrra·
1899 4084 1900 4129 3

1012 4184 1074 4235 stia.
1087 4181 1215 4251 Astyr-tes
1226 4180 1317 4233 Saites
1327 4180 1409 4231 annis
1422 4176 1529 4251 V1(sio
1543 4194 1658 4253 margo;
1670 4188 1763 4233 textus
1779 4197 1786 4232 :

1013 4268 1148 4322 mensibus
1155 4268 1205 4329 ,VJ
1210 4262 1228 4339 i.

1053 4356 1160 4409 Nomen
1179 4353 1342 4427 AEgyptium
1365 4348 1447 4420 hujus
1460 4351 1529 4425 regis
1545 4351 1698 4406 Bunsenius
1711 4351 1760 4408 dat
1779 4371 1786 4406 τ

1014 4457 1260 4495 sternar-ranna
1281 4436 1482 4495 rerem-teet.
1515 4440 1670 4509 Amyrtaeus
1696 4448 1788 4494 noster

1011 4527 1197 4599 probabiliter
1215 4542 1302 4597 nepos
1322 4534 1360 4579 est
1373 4525 1525 4597 Amyrtaei,
1548 4524 1597 4597 qui
1613 4534 1714 4579 eontra
1736 4528 1788 4580 Ar-
1899 4538 1900 4579 t

1013 4624 1151 4669 taxerxern
1171 4612 1353 4678 Irebellarit,
1375 4620 1457 4682 atque
1477 4626 1596 4687 regnum
1610 4608 1703 4664 adbuc
1715 4610 1784 4663 obti-

1011 4699 1094 4753 nebat
1107 4698 1219 4771 Olymp.
1236 4698 1289 4765 82,
1306 4702 1322 4761 Ι
1337 4693 1410 4768 (449
1427 4714 1453 4752 a.
1466 4695 1512 4771 C),
1535 4712 1676 4768 quoanno
1688 4697 1718 4749 in
1739 4697 1787 4767 Cy·
1899 4698 1900 4715 Ι

1010 4802 1095 4857 prum
1108 4783 1251 4857 proiectus
1269 4792 1307 4837 est
1318 4783 1417 4837 Cimon
1432 4782 1534 4854 (Thus.
1555 4780 1586 4851 1,
1610 4780 1788 4855 rra).1·ilius

1011 4872 1069 4943 ejus
1088 4871 1142 4927 fuit
1162 4871 1297 4937 Pausiris,
1321 4870 1367 4923 eui
1394 4870 1575 4941 possessiones
1590 4878 1719 4943 paternas
1737 4887 1786 4923 rex

1012 4960 1154 5013 Persarum
1171 4956 1295 5013 reddidit
1309 4952 1462 5031 (Herodot.
1477 4956 1535 5021 111,
1552 4952 1595 5029 5).
1612 4952 1701 5025 Hujus
1714 4950 1787 5009 tilius
1899 4954 1900 5013 j

1010 5062 1063 5103 sec.
1092 5045 1256 5101 Boecixirium
1274 5062 1303 5117 p.
1332 5040 1387 5096 363
1409 5052 1449 5096 est
1466 5042 1621 5113 Amyrtaeus
1644 5059 1691 5095 rex
1719 5039 1783 5112 dyn.

1010 5131 1142 5187 XXVIII.

1895 5014 1900 5047 i
