3834 5767
815 389 1061 462 l'uisuulllll.

142 531 294 610 Ἰδομενεύς.
310 530 478 612 Ἀριστάρχου
487 533 548 607 γοῦν
559 552 624 597 τινος
636 530 750 610 ἐρασθείς
765 531 914 610 μειρακίου,

1677 409 1734 460 498

962 530 1075 608 αἰσχρῶς
1086 526 1131 585 καί
1143 529 1265 606 ἀπρεπῶς
1277 526 1365 607 ῥήτορι
1379 526 1519 603 ἐξαγομένη
1534 571 1542 605 ,
1558 524 1697 606 έχουσαδί
1706 551 1735 586 τι

140 622 185 680 καί
199 622 232 678 δι’
244 618 307 678 αὐτὸ
320 617 478 700 παροινήσας
489 619 522 682 εἰς
537 616 696 693 Νικόδημον,
706 617 823 698 ἐξέκοψεν
833 621 912 676 αὐτοῦ
961 614 1007 673 καί
1026 610 1117 692 stipsi<
1135 612 1179 671 καί
1199 612 1331 690 εὐάγωγον
1351 613 1396 672 καί
1414 605 1466 672 οῖον
1483 613 1515 672 ἂν
1529 613 1629 692 γένοιτό
1642 637 1692 672 τινι
1707 615 1738 672 ἰει

139 707 199 774 τοὺς
218 707 374 788 δγΘαλμούς.
419 705 600 786 Παροδίδοται
620 705 647 762 δέ
668 709 713 762 καί
732 706 791 784 περὶ
805 705 855 784 din
872 706 917 762 καί

139 796 199 872 περὶ
216 794 288 860 νέους
303 793 347 852 καί
361 792 421 871 περὶ
438 793 561 869 γυναῖκας
576 789 729 860 πολυτελής.
773 795 917 870 Τοιγαροῦν

131 881 186 942 ,καί
197 885 211 938 δ
224 879 392 960 γραμματεύς
402 880 459 936 ποτ’
474 881 551 935 αὐτοῦ
568 870 639 935 ε’ίπε·
654 905 666 929 ι
679 877 714 938 Τί
727 877 748 936 δ’
761 878 792 935 άν
805 901 843 944 τις
857 879 916 955 περὶ

140 967 320 1044 Δημοσθένους
338 965 421 1045 λέγειν
439 965 557 1036 ditarem
569 963 602 1022 τά
614 965 664 1044 γάρ
679 969 789 1044 ἐνιαυτῷ
807 967 917 1041 μελετη-

141 1055 216 1112 θέντα
229 1053 317 1132 ἰκτίνῳ
329 1053 376 1128 μία
388 1051 452 1130 γυνὴ
465 1059 514 1131 μιᾷ
525 1051 597 1110 νυκτί
609 1049 742 1130 συνέχεεν.
755 1077 767 1102 ι
809 1051 918 1108 Ἀναλα-

141 1141 195 1200 6ιῑν
213 1147 274 1218 γοῦν
289 1141 334 1199 καί
353 1143 388 1206 εἰς
402 1139 450 1209 τὴν
470 1138 553 1197 οἰκίαν
575 1139 677 1216 λέγεταί
697 1161 756 1195 τινα
774 1137 917 1198 Κνωσίωνα

141 1227 317 1307 μειρακίσκον,
326 1226 410 1284 καίτοι
421 1233 531 1300 γυναῖκα
544 1223 629 1302 ἔχων·
642 1228 677 1292 ὡς
687 1227 731 1282 καί
746 1223 826 1296 αὐτὴν
837 1226 915 1302 αἰγαν-

141 1314 294 1382 ακτίσασαν
306 1316 495 1391 συγκοιμᾶσθαι
507 1315 544 1391 τῷ
562 1309 705 1372 Κνωσίωνι.

181 1398 349 1480 Ἀριστάρχου
358 1404 418 1475 γοῦν
426 1398 497 1474 κτλ]
509 1397 822 1455 Ct.1)emosrh.c.blid.
836 1399 852 1472 §
865 1409 917 1462 rol.

141 1508 212 1563 sqq,
234 1490 378 1546 AEsehines
391 1488 420 1543 C.
431 1487 500 1565 Tim.
512 1505 540 1560 p.
555 1494 603 1552 ab,
618 1485 634 1560 S
650 1505 700 1556 171
717 1505 771 1559 sq.,
783 1486 917 1540 Dinareh.

143 1579 174 1632 C.
195 1575 340 1631 Demoslh.
356 1573 372 1647 S
390 1573 437 1641 30,
457 1575 581 1628 Zosimus
590 1574 647 1631 vit.
663 1576 746 1629 Deru.
763 1590 792 1646 p.
815 1577 879 1646 149,
893 1581 920 1626 et

144 1664 228 1735 plura
251 1681 297 1736 sp.
323 1663 567 1716 Westermannnm
585 1663 628 1715 De
659 1659 753 1714 litibus
777 1677 845 1732 quus
864 1662 921 1715 De-

141 1750 242 1804 mosth.
259 1750 349 1804 orarit
363 1747 458 1822 (Lips.
475 1746 566 1821 1834)
582 1765 611 1820 p.
628 1745 665 1800 23
677 1765 719 1819 sq.

264 1857 273 1872 ·
508 1840 554 1899 τί.

181 1921 322 1976 Plutarch.
341 1919 429 1976 Phoe.
450 1926 505 1984 cl,
525 1919 575 1976 :ltl
593 1905 695 1992 γάρῆι,
710 1913 744 1981 ὥς
760 1937 838 1994 φησιν
851 1914 920 1976 ’ἰδο-

145 2003 251 2081 μενείις,
266 2005 441 2064 δοιδυκοποιοῦ
457 2003 553 2082 πατρδς
574 2003 606 2084 (δ
625 2003 763 2080 Φωκίων),
780 2005 826 2061 οὐκ
842 2002 874 2062 δν
894 2005 920 2059 ἐν

142 2091 267 2172 τῷλόγῳ
285 2089 481 2156 Γλαιίκιπποςδ
503 2090 640 2170 Ὑπερίδου
664 2088 743 2168 μυρία
765 2088 920 2167 συνειλοχὼς

142 2177 187 2235 καί
197 2177 305 2258 εἰρηκὼς
318 2182 377 2236 κατ’
391 2179 469 2236 αὐτοῦ
483 2177 552 2236 κακίι
563 2176 611 2246 τὴν
626 2175 774 2255 δυσγένειαν
785 2175 916 2256 παρῆκεν.

512 2319 555 2374 ι5.

184 2457 277 2513 Schol.
292 2456 328 2512 ad
340 2457 462 2512 AEschin.
478 2459 521 2512 De
534 2455 594 2512 lats.
606 2456 661 2530 leg.
673 2453 825 2517 init.:‘'0rt
835 2454 918 2526 μαθη·

142 2539 188 2612 τὴς
201 2537 299 2616 ἐγένετο
310 2541 362 2616 (sc.
378 2539 502 2617 Αἰσχίνης
514 2543 528 2596 ὁ
542 2539 655 2618 ῥήτωρ),
664 2543 698 2604 ὡς
709 2535 755 2614 μὲν
773 2536 920 2617 Δημήτριος

143 2630 157 2683 δ
171 2625 327 2705 Φαληρεὺς,
342 2626 498 2702 Σωκράτους
513 2631 557 2685 τοῦ
576 2615 792 2706 ριλοσόρου,,εῖίί’
813 2623 919 2703 ὕστερον

142 2717 187 2770 τοῦ
199 2713 352 2782 Πλάτωνος,
364 2715 397 2778 ὡς
410 2711 435 2769 δέ
449 2711 583 2778 Καικίλιος
595 2713 637 2770 καί
649 2710 791 2787 Ἰδομενεὺς
802 2711 847 2768 καὶ
858 2711 921 2791 Ἕρ-

143 2819 242 2874 μιππος
252 2841 259 2868 ,
269 2799 315 2856 οὔκ
324 2796 419 2868 ἥκουσι
430 2803 481 2856 τῶν
493 2801 592 2877 ἀνδρῶν
603 2798 738 2873 μαθήσεως
750 2797 838 2878 χάριν.
850 2802 920 2873 Qui·

143 2888 195 2942 bus
207 2886 411 2958 subjiciuntur:
423 2885 497 2956 Φησὶ
508 2885 558 2964 γάρ
571 2887 767 2963 (Hermippus,
776 2898 862 2960 puto,
876 2889 920 2943 vei

142 2975 280 3044 caecilius,
296 2976 344 3047 qui
362 2973 546 3030 idomeneum
564 2975 705 3050 citaverit)
726 2976 761 3038 ὡς
779 2973 851 3030 οὐδέν
873 2977 918 3030 τοῦ

141 3061 306 3136 χαρακτῆρος
321 3064 366 3116 τοῦ
390 3061 560 3136 Πλατωνικοῦ
579 3057 668 3132 σώζει,
689 3057 748 3116 οὔτε
768 3058 797 3116 τδ
816 3057 920 3137 ἀκριάές

143 3143 187 3202 καί
207 3144 329 3222 καθαρὸν,
342 3143 417 3222 [οὔτε
428 3145 475 3223 τὸ]
488 3145 623 3225 ἀπέριττον
639 3146 683 3204 καί
698 3145 834 3224 εὔρυθμον,
852 3145 920 3204 itit

142 3231 267 3308 κτχηνυῖά
282 3253 336 3296 ποις
348 3231 416 3289 έστίν
434 3234 540 3302 αίιτοῦή
555 3231 608 3290 ἰδέα
624 3239 668 3290 τοῦ
682 3233 776 3311 λόγου,
791 3232 836 3290 καί
854 3232 919 3291 άτι-

141 3339 201 3396 χνος
215 3317 262 3392 μίν
276 3318 321 3375 καί
334 3317 464 3396 προπετὴς
481 3318 525 3376 καί
544 3318 665 3400 εὐχερὴς,
686 3319 728 3378 tat
746 3319 776 3377 τὸ
796 3321 918 3399 λοιδορεῖν

140 3483 245 3532 extudit.
259 3483 359 3533 Perinde
367 3498 425 3533 vero
434 3485 507 3534 etiem
519 3485 542 3533 in
554 3485 652 3535 obsonia
663 3488 688 3535 et
696 3489 721 3535 ln
731 3487 920 3536 adolescentulos

141 3563 166 3610 et
174 3561 316 3611 bmulieres
323 3563 545 3625 sumptusingentes
551 3563 681 3626 profudisse
691 3565 922 3627 perhibetur.Quare

141 3635 220 3686 scribe
229 3637 293 3687 illius
301 3639 430 3700 aliquando
441 3639 501 3688 dixit
513 3659 518 3688 :
531 3657 543 3682 ι
556 3644 591 3690 De
600 3642 758 3690 Demosthene
770 3641 827 3703 quid
843 3641 922 3692 dicere

142 3715 260 3778 qnisriam
271 3717 362 3779 possiti
376 3721 436 3767 Nam
446 3716 549 3780 quoeille
559 3721 609 3766 toto
618 3731 681 3766 enno
691 3719 878 3781 meditetusest,
893 3732 921 3768 ea

143 3797 191 3843 unt
201 3797 270 3846 nocte
279 3809 327 3845 una
338 3797 424 3846 mulier
439 3797 524 3846 miscet
541 3797 725 3859 conturbatque.
737 3817 750 3841 υ
761 3797 826 3855 Quin
836 3801 862 3847 et
876 3799 921 3848 do·

141 3885 210 3922 mum
219 3887 288 3923 suam
298 3877 412 3938 recepisse
421 3877 496 3925 lerttu
503 3875 646 3925 cnosionem
655 3876 775 3950 quendem
785 3877 921 3927 adolescen-

142 3953 236 4014 tulum,
247 3966 395 4016 quamquam
409 3967 509 4003 uxorem
523 3954 613 4004 babens
623 3973 629 4004 ι
640 3967 714 4017 quare
730 3955 850 4018 indignate
866 3957 920 4015 illu,

141 4030 192 4091 ipss
202 4043 301 4094 quoque
313 4044 370 4080 cum
379 4033 496 4082 censione
505 4033 644 4082 concubuit.

172 4191 198 4240 Sl
215 4191 314 4255 quidem
330 4193 474 4256 pistillorum
490 4193 653 4256 lebricntoris,
671 4194 700 4243 nt
716 4195 857 4247 idomeneus
871 4196 919 4259 sil,

141 4269 204 4320 tilius
215 4270 320 4320 Ptrocion
332 4275 401 4332 eret,
417 4272 530 4334 ignobiles
541 4272 585 4321 bes
600 4272 652 4334 ejus
669 4273 761 4322 natales
774 4287 920 4326 commemo·

141 4359 252 4396 serenos
263 4347 379 4398 omisisset
403 4348 547 4398 moratione
561 4360 605 4398 sua
627 4349 790 4412 Glaucippus,
814 4355 916 4414 llyperi·

140 4423 261 4486 duillius,
269 4425 311 4488 qul
320 4429 432 4476 sexcenis
441 4427 466 4475 in
488 4439 544 4476 eum
553 4426 662 4476 convicia
671 4427 768 4489 collegit
777 4429 916 4493 elluditque.

173 4585 296 4636 AEsehines
306 4588 396 4649 orator,
406 4588 537 4638 secundum
548 4589 696 4639 Demetrium
711 4589 852 4640 Plrslereum
861 4628 869 4653 ,
879 4597 920 4642 so·

140 4664 214 4713 crutis
234 4663 381 4726 philosophi,
402 4663 487 4714 deinde
509 4678 567 4715 vero
586 4666 691 4716 Platonis
709 4666 840 4728 dtscipulus
859 4670 918 4724 ttritt

140 4742 272 4791 secundum
285 4743 406 4792 cecilium
422 4755 479 4792 nero
494 4745 519 4792 et
535 4743 689 4794 idomeneum
703 4747 729 4794 et
745 4746 914 4809 Hermippum,

140 4830 189 4866 non
201 4817 292 4867 audivit
302 4817 356 4868 ilios
365 4821 432 4867 viros
444 4819 575 4882 discipilum
584 4833 665 4870 cause.

493 4901 527 4951 ib
546 4911 570 4951 a.

172 4993 268 5056 oratio,
279 5007 351 5056 quarn
361 4993 391 5043 de
401 4995 458 5044 luiso
467 4995 583 5058 legatione
593 4975 677 5046 contre
686 4995 820 5048 AEschiuem
830 4999 917 5048 Demo·

141 5071 236 5120 stbenes
245 5069 351 5132 scripsit,
361 5083 420 5120 num
432 5071 503 5121 etium
512 5073 576 5122 dlcts
589 5075 634 5136 sit,
645 5073 708 5122 bsud
724 5074 807 5138 liquet.
825 5076 918 5126 idome-

142 5158 201 5197 neus
216 5146 313 5211 qnldem
330 5149 400 5199 relert
414 5149 510 5211 triginta
527 5151 622 5201 butum
643 5152 762 5214 sulinglis
781 5153 918 5204 absolutum

962 701 1061 782 φύσεως
1073 699 1119 758 καί
1130 699 1239 776 μελέτης
1250 703 1371 780 άρανοῦς.

1298 821 1332 878 15
1347 841 1373 881 a.

1002 943 1144 1000 Plutarch.
1156 943 1302 998 Demosth.
1319 961 1344 1000 c.
1370 941 1403 998 15
1420 962 1427 996 ε
1443 939 1477 1000 Ὁ
1495 939 1523 997 ti
1536 940 1594 999 κατ’
1608 940 1735 1018 Αἰσχίνου

963 1032 1009 1098 τῆς
1022 1026 1233 1107 παραπρεσόείας
1249 1026 1344 1097 άδηλον
1360 1029 1383 1084 εἰ
1401 1027 1538 1086 λίλικται·
1556 1029 1641 1087 καίτοι
1659 1029 1737 1106 φησίν

963 1113 1109 1190 Ἰδομενεὺς
1119 1113 1192 1192 παρά
1205 1114 1343 1191 τριάκοντα
1355 1114 1435 1190 μόνας
1445 1113 1488 1173 τὸν
1500 1114 1627 1192 Αἰσχίνην
1637 1119 1741 1194 ἀποφυ-

963 1202 1029 1276 γεῖν.
1072 1200 1140 1258 Ἀλλ’
1154 1201 1201 1258 οῦκ
1210 1198 1292 1257 ίοικεν
1302 1199 1383 1266 οὔτως
1394 1200 1463 1278 ίχειν
1472 1202 1593 1272 τάληθές,
1605 1205 1629 1260 εἰ
1638 1203 1676 1259 δεῖ
1686 1206 1740 1266 τοῖς

966 1288 1032 1366 Περὶ
1045 1284 1170 1367 στεφάνου
1186 1285 1374 1364 γεγραμμένοις
1388 1287 1516 1366 ίκατέρων
1529 1288 1614 1364 λόγοις
1632 1289 1740 1364 τεκμαί·

966 1378 1068 1450 ρεσθαι·
1084 1373 1215 1450 μέμνηται
1230 1373 1280 1453 γδρ
1301 1374 1530 1452 οὐδέτεροςιαῦτῶν
1551 1376 1663 1452 ἐναργῶς
1683 1374 1741 1443 οὐδὲ

963 1463 1062 1538 τρανῶς
1074 1459 1172 1517 ἰκείνου
1182 1464 1227 1517 τοῦ
1240 1462 1338 1537 ἀγῶνος
1348 1461 1383 1526 ὡς
1400 1461 1463 1539 άχρι
1478 1461 1551 1531 δίκης
1564 1461 1740 1539 προελθόντος.

1334 1581 1380 1639 16.

1003 1703 1082 1758 Idem
1102 1703 1173 1758 ibid.
1196 1722 1222 1760 c.
1240 1701 1277 1758 23
1292 1719 1300 1760 :
1315 1699 1398 1766 Eitis<
1412 1700 1435 1758 δ’
1453 1703 1467 1758 δ
1482 1700 1642 1781 Ἀλέξανδρος
1659 1700 1743 1780 ἐξῄτει

966 1787 1078 1863 πέμπων
1090 1790 1140 1844 τῶν
1153 1789 1317 1864 δημαγωγῶν
1329 1786 1393 1844 δέκα
1410 1786 1467 1863 μέν,
1485 1791 1521 1853 ὡς
1538 1788 1682 1860 Ἰδομενεὺς
1699 1787 1744 1846 καί

965 1879 1056 1952 Δοῦρις
1067 1874 1210 1953 εἰρήκασιν,
1223 1872 1293 1932 ὀκτὼ
1304 1875 1326 1934 δ’
1337 1877 1373 1940 ὡς
1391 1876 1544 1933 stickiness
1560 1879 1614 1960 τῶν
1627 1897 1741 1954 συγγρα·

967 1961 1045 2042 φέων.
1059 1967 1093 2021 V.
1109 1966 1195 2021 Duris
1209 1964 1243 2019 ir.
1256 1984 1285 2038 9.

1329 2086 1373 2136 17.

963 2227 966 2235 ·
1004 2193 1237 2253 Bekker.ltnecd.
1250 2200 1348 2267 p.2t9
1366 2213 1374 2247 ι
1392 2186 1568 2266 Ἔμπουσα
1581 2213 1589 2248 ε
1602 2189 1743 2268 Ἔμπουσα

965 2278 1057 2358 φάσμα
1080 2278 1135 2337 tori
1153 2281 1204 2336 τῶν
1231 2277 1345 2348 ὑπὸτῆς
1364 2277 1478 2347 Ἑκάτης
1501 2279 1684 2354 πεμπομένων,
1706 2283 1740 2346 εἰς

965 2366 1063 2433 πολλάς
1073 2364 1268 2441 άλλαοοάμενον
1282 2365 1391 2446 μορροίς.
1413 2365 1551 2424 Ἐκαλεῖτο
1566 2364 1592 2422 δέ
1606 2365 1650 2423 καί
1665 2367 1739 2425 Ὀνο-

964 2453 1038 2525 κώλη
1052 2457 1127 2510 τοῦτο
1136 2451 1167 2511 τὸ
1180 2451 1332 2530 φάνμασμα.
1373 2449 1517 2527 Ἔμπουσα
1532 2452 1559 2510 δί
1571 2454 1621 2511 ὑπὸ
1632 2461 1678 2512 τοῦ
1695 2456 1744 2530 tp·

965 2540 1077 2608 ποδίζειν
1090 2537 1149 2605 τοὺς
1163 2536 1354 2617 ιίνδράιπους,ἣ
1371 2538 1423 2596 dni
1435 2545 1486 2610 ,τοῦ
1507 2539 1552 2596 τὸν
1571 2537 1656 2618 ἕτερον
1674 2540 1742 2598 πόδα

964 2629 1080 2705 χαλκοῦν
1095 2625 1174 2704 ἔχειν,
1196 2624 1239 2682 τδν
1255 2625 1283 2682 δί
1303 2625 1389 2705 ἕτερον
1412 2625 1544 2703 βολίτινον.
1563 2625 1680 2700 Ἐκλήθη
1700 2619 1744 2685 οῦν

963 2720 981 2787 ἡ
996 2714 1085 2796 μήτηρ
1100 2711 1227 2790 Αἰσχίνου
1242 2710 1401 2788 Ἔμπουσα,
1413 2717 1448 2778 ὣς
1459 2711 1506 2789 μίν
1520 2712 1589 2788 λέγει
1602 2713 1741 2790 Δημοσθέ-

965 2823 1008 2871 νης
1022 2802 1070 2876 (p.
1088 2819 1159 2871 ατο,
1172 2799 1243 2876 25),
1255 2799 1308 2856 άπὸ
1322 2805 1367 2857 τοῦ
1381 2798 1467 2857 πάντα
1478 2805 1560 2857 ποιεῖν
1572 2801 1618 2858 καί
1631 2802 1743 2879 πάσχειν

967 2886 1027 2963 (καὶ
1051 2885 1102 2964 γάρ
1121 2884 1151 2943 τὸ
1164 2884 1256 2963 φάσμα
1274 2887 1483 2967 παντόμορρον)·
1503 2891 1537 2953 ῶς
1558 2887 1585 2945 δί
1604 2887 1744 2964 ’ἰδομενειίς

965 2997 1028 3054 φησι
1042 2971 1123 3051 Περὶ
1139 2973 1357 3049 δημαγωγῶν,
1373 2975 1429 3032 ἐπεί
1445 2972 1498 3031 άπδ
1510 2977 1644 3032 σκοτεινῶν
1657 2975 1744 3033 τάττων

965 3059 1113 3140 άνεραίνετο
1126 3066 1179 3126 τοῖς
1192 3059 1353 3135 μυουμένοις.

1002 3144 1020 3216 ἢ
1043 3145 1096 3204 άπδ
1116 3145 1189 3224 κτλ]
1215 3148 1372 3204 distinctius
1396 3149 1497 3204 Suidas
1516 3167 1543 3205 τ.
1565 3143 1710 3223 Ἔμπουσα
1734 3167 1742 3207 :

963 3230 1107 3308 Ἔμπουσα
1129 3232 1245 3313 δὲπαρά
1265 3234 1294 3292 τὸ
1308 3233 1344 3292 tvl
1360 3234 1484 3311 ποδίζειν,
1500 3232 1578 3312 ἤγουν
1595 3234 1639 3292 τὸν
1657 3234 1742 3314 ἕτερον

964 3320 1033 3378 πόδα
1046 3323 1161 3401 χαλκοῦν
1182 3320 1261 3400 ἔχειν.
1281 3319 1476 3397 -Ἰδομενεύς
1493 3342 1521 3400 ρ.
1547 3343 1576 3380 π.
1593 3322 1633 3400 δ.]
1655 3325 1743 3397 uulgo

967 3489 1103 3538 AEscbinem
1114 3489 1191 3538 luisse.
1203 3492 1294 3538 Verum
1309 3487 1374 3538 baud
1385 3490 1419 3537 its
1438 3500 1476 3537 res
1491 3501 1517 3537 se
1532 3487 1621 3537 babere
1639 3486 1742 3545 ridetur,

966 3566 985 3612 st
999 3565 1098 3625 quidem
1105 3577 1138 3613 ex
1156 3566 1303 3614 orationibus
1319 3569 1356 3614 De
1377 3577 1465 3613 corone
1482 3564 1513 3612 ab
1534 3568 1637 3625 utroque
1651 3564 1743 3625 scriptis

966 3640 1045 3700 colligi
1058 3639 1148 3701 sliquid
1159 3641 1224 3690 iicet.
1235 3643 1323 3689 Νοιιίει
1331 3641 1395 3689 enim
1409 3640 1570 3690 contentionis
1578 3640 1650 3702 buius
1657 3639 1745 3689 diserte

966 3716 1372 3778 otperspicueitsmeminit,utsd
1382 3729 1478 3766 mosem
1487 3715 1605 3766 rorensem
1613 3715 1743 3766 derectum

967 3804 1018 3840 esse
1028 3794 1117 3854 pateat.

997 3954 1081 4010 statim
1091 3953 1155 4004 misit
1166 3955 1299 4005 Alexander
1312 3956 1356 4018 qni
1370 3953 1433 4004 trudi
1447 3954 1492 4003 sibi
1503 3953 1650 4016 postularent
1659 3951 1742 4002 dema-

965 4044 1037 4093 gogos
1044 4031 1141 4090 decern,
1150 4031 1186 4080 uti
1196 4031 1338 4081 idomeneus
1347 4034 1372 4080 et
1381 4031 1451 4080 Duris
1464 4030 1627 4089 trsdlderunt,
1639 4031 1677 4079 ret
1687 4032 1743 4080 octo

965 4109 1058 4169 potius,
1080 4107 1151 4157 sicuti
1166 4108 1263 4169 plurimi
1280 4109 1345 4170 iique
1368 4108 1544 4169 prestantiores
1561 4106 1687 4168 scriptores
1704 4119 1743 4154 re·
1807 4145 1811 4152 .

966 4185 1054 4234 lerunt.
1389 4187 1394 4192 '

1330 4266 1374 4316 ii.

997 4349 1101 4408 ltmpcss
1116 4345 1236 4408 spectrum
1254 4347 1290 4394 est
1301 4357 1332 4394 ex
1349 4357 1433 4394 eorum
1450 4356 1564 4404 numus,
1581 4355 1638 4406 quar
1655 4343 1743 4392 lisceto

965 4421 1095 4471 immittere
1103 4421 1176 4483 solet;
1187 4421 1264 4469 serias
1273 4420 1333 4470 illud
1342 4433 1461 4470 assumere
1471 4420 1531 4470 solet
1544 4420 1639 4471 lormss.
1657 4421 1741 4470 Nomi·

964 4498 1068 4547 nabetur
1084 4509 1141 4549 vere
1162 4495 1236 4545 etium
1258 4497 1369 4546 onocole.
1387 4499 1490 4559 llmpuss
1510 4498 1591 4546 antem
1618 4496 1742 4546 dicebatur

964 4579 1089 4637 propterea
1105 4573 1171 4638 quod
1186 4575 1326 4636 ἐμποδίζειν,
1339 4574 1477 4635 impedire,
1489 4573 1598 4624 homines
1608 4575 1682 4636 solet,
1699 4576 1742 4623 eut

964 4651 1020 4700 inde
1030 4651 1094 4713 quod
1105 4653 1147 4712 (ivi
1158 4652 1225 4713 ποδὶ,
1235 4663 1288 4702 uuo
1299 4655 1402 4701 tautum
1409 4651 1486 4714 pede,
1503 4650 1604 4715 incedit,
1617 4654 1740 4716 quoniam)

965 4730 1068 4779 alterum
1087 4729 1172 4792 pedu
1191 4743 1286 4779 cneum
1306 4730 1393 4791 babet,
1413 4731 1517 4780 alterum
1536 4745 1594 4781 vero
1613 4732 1739 4781 asininum.

965 4821 1082 4871 AEscbinis
1099 4822 1181 4884 itsqne
1195 4825 1272 4872 mater
1286 4825 1390 4884 Empuss
1403 4823 1545 4884 vocabatur,
1556 4825 1584 4872 ut
1599 4823 1740 4874 ileruostbe·

964 4911 1007 4947 nes
1015 4897 1346 4974 dicitquodomntsncerst
1363 4901 1739 4962 patereturquetnamspectrum

964 5003 1061 5052 quoque
1073 4991 1161 5039 iormss
1175 5003 1330 5053 quascunque
1340 4990 1472 5052 κυματίης
1488 4990 1557 5041 sicuti
1574 5001 1631 5038 ruo
1646 4988 1740 5040 idome-

964 5066 1061 5116 neusin
1071 5067 1132 5117 libro
1143 5069 1180 5118 De
1193 5067 1328 5132 dsmcgogts
1338 5067 1387 5128 ult,
1399 5067 1466 5131 quod
1480 5081 1495 5118 s
1511 5067 1665 5117 tenebrimsts
1680 5068 1739 5119 lod·

964 5146 1087 5204 spperoeet
1099 5143 1227 5194 irritimdis.
