3834 5767
199 345 257 396 at!
750 333 996 394 assertionis
1016 331 1249 392 SERENNYTAE

198 467 283 538 δεὶας,
305 471 339 534 ὡς
354 467 430 538 δῆλός
452 470 535 526 ἰστιν·
560 465 675 545 γέγραφε
690 463 739 543 γὰρ
765 463 875 524 Ἔλλοίδι
890 469 963 545 φωνῇ
1013 456 1049 522 ὧν
1060 465 1092 522 δν
1104 466 1185 542 βούλῃ
1199 469 1269 541 ἡμᾶς
1286 462 1405 532 ἐξετάσαι
1418 463 1592 542 πραγμύτων.
1605 465 1792 536 Ἔπιζητοῦντέ

197 552 244 624 τὴν
259 553 366 634 ποίτριον
377 553 502 633 ἱστορίαν,
515 555 544 610 ἰκ
555 555 606 610 τῶν
620 555 706 630 ἱερῶν,
731 551 772 618 ὥς
801 573 896 630 φησιν
916 553 966 610 αὖ·
1016 543 1071 625 (οὖν
1084 554 1164 610 addit
1174 553 1297 628 Boechb.)
1311 573 1351 609 σοι
1361 549 1422 630 περί
1432 553 1483 608 τῶν
1496 551 1642 624 μελλόντων
1651 557 1689 631 τῷ
1698 555 1793 632 κόσμῳ

197 640 262 708 τὸς,
277 639 445 721 μεταφράσας
470 639 514 698 καί
539 637 624 696 πολλδ
642 639 685 696 τὸν
709 637 847 717 Ἡρόδοτον
867 636 968 714 έλέγγει
1012 636 1144 713 γίγνεσθαι
1165 634 1250 701 καθὼς
1268 635 1405 702 ἐκέλευσάς
1420 659 1465 711 μοι
1482 637 1699 716 παραφανήσεταί
1715 639 1792 696 συιδ

196 731 248 785 τῶν
268 729 452 804 Αἰγυπτιακῶν
471 727 514 782 ὑπ’
534 723 637 800 ἀγνοίας
655 723 819 802 ἐψευσμένον.
832 755 872 766 -
887 724 967 778 idem
1012 723 1107 797 έμαδον
1129 722 1187 800 ἱερδ
1211 722 1301 800 βιόλὶα
1322 721 1454 801 γραφέντα
1482 724 1533 782 ύπδ
1554 729 1600 782 τιν’]
1624 725 1792 804 προπάτορος

196 815 268 872 ibid.
284 835 311 872 c.
327 815 364 870 26
381 834 388 868 ι
405 815 445 871 Μ.
461 815 475 868 δ
489 808 536 880 τὴν
547 807 727 886 Αἰγυπτιακὴν
744 807 858 885 ἱστορίαν
873 811 902 866 tx
914 811 966 864 τῶν
1012 809 1193 886 τρισμεγὶστου
1213 807 1322 887 Ἑρμοῦ.
1341 807 1465 888 Ἐρρωσό
1484 832 1539 886 μοι,
1554 809 1724 886 δέσποτόμου
1736 817 1790 888 βα·

197 899 272 976 ἱερῶν
286 898 450 977 γραμμάτων
473 893 620 974 ἑρμηνεύειν
632 893 810 972 ὑπεσχημένος
835 895 885 971 (sr.
900 893 963 970 5ο).
1012 894 1093 956 σιλεῦ.
1113 923 1125 946 a

196 987 381 1043 -Eusebius
394 989 426 1042 P.
443 987 475 1040 E.
489 1002 518 1057 p.
541 990 587 1053 44,
603 985 624 1040 C
640 1003 646 1037 :
668 983 763 1040 Πᾶσαν
785 977 832 1056 μέν
852 969 895 1037 ούν
918 979 966 1048 τὴν
1050 983 1142 1040 Ταῦτα
1158 981 1217 1056 περί
1236 984 1283 1051 τῆς
1303 979 1439 1057 ἑρμηνείας
1458 984 1510 1038 τῶν
1532 981 1582 1042 ὑπὸ
1602 987 1647 1041 τοῦ
1666 983 1789 1062 δευτέρου

195 1071 376 1146 Αἰγυπτιακὴν
389 1067 503 1147 ἱστορίαν
523 1069 559 1135 εἰς
570 1067 665 1132 πλότοι
676 1070 721 1137 τῆς
732 1065 866 1137 Ἑλλήνων
879 1066 966 1141 μετεὶ-
1012 1064 1112 1145 Ἑρμοῦ
1137 1065 1245 1145 βιόλίων
1265 1067 1344 1142 λέγει.
1370 1064 1463 1125 Μετὰ
1483 1065 1516 1123 δί
1536 1072 1638 1125 ταῦτα
1660 1069 1707 1126 καί
1726 1069 1791 1146 περί

194 1157 261 1236 ληφι
277 1161 377 1236 φωνῆς,
390 1155 458 1220 ἰδίως
472 1154 499 1212 δὲ
514 1151 547 1211 τδι
560 1153 676 1231 περὶτῆς
695 1151 753 1210 κατ’
773 1149 864 1216 αὐτούς
878 1152 965 1208 δεολο-
1012 1155 1090 1210 ίθνῶν
1109 1154 1297 1229 Αἰγυπτιακῶν
1319 1150 1397 1215 πέντε
1418 1155 1444 1211 ἒν
1466 1151 1605 1229 τριάκοντα
1626 1155 1789 1220 δυναστείαις

145 1278 148 1292 ·
194 1241 251 1318 γίας
266 1245 391 1308 Μανεθῶς
407 1245 420 1300 δ
434 1240 574 1316 Αἰγύπτιος
592 1239 619 1296 ίν
642 1229 702 1316 τεῇ
720 1237 831 1318 ἔγραψεν
849 1240 907 1316 ἱερᾷ
925 1236 966 1314 βί·
1010 1239 1120 1316 ἱστορεῖ,
1133 1241 1192 1296 κτλ.
1209 1241 1247 1314 (v.
1262 1240 1297 1295 fr.
1313 1241 1354 1313 a).

195 1329 250 1408 ὅλῳ
264 1329 309 1388 καί
322 1333 348 1388 ἐν
362 1327 455 1406 έτέροις
466 1329 543 1385 αὐτοῦ
557 1325 767 1405 συγγράμμασιν.
1049 1327 1139 1399 Igitur
1165 1327 1329 1382 Ptolemaeus
1356 1325 1555 1398 Philadelphus
1576 1345 1593 1382 e
1616 1331 1789 1386 Manethone

234 1420 421 1474 Historiarum
442 1435 514 1490 opus
532 1427 586 1469 tres
606 1413 845 1486 complectebatur
860 1413 965 1482 libros,
1009 1413 1158 1488 petiverat,
1172 1427 1205 1466 ιιι
1215 1412 1251 1467 de
1261 1413 1323 1466 fatis
1334 1411 1435 1466 mundi
1448 1412 1548 1468 lirturis
1568 1415 1660 1486 ipsam
1678 1416 1788 1472 edoce-

195 1523 316 1577 quorum
327 1505 421 1578 primo
435 1513 535 1558 auctor
549 1500 687 1555 recensuit
705 1509 832 1572 tempora
844 1499 965 1570 mythica
1010 1509 1061 1555 ret.
1077 1500 1223 1554 Postulatis
1236 1499 1434 1570 obtemperans
1456 1500 1587 1553 Manetho
1609 1502 1696 1556 libros
1710 1505 1787 1558 ller-

194 1591 250 1646 sive
266 1609 326 1662 quae
348 1591 384 1645 de
407 1589 526 1644 deorum
547 1597 575 1640 et
588 1585 775 1640 semideorum
786 1585 878 1658 regnis
889 1584 964 1640 lere·
1010 1586 1126 1640 meticos
1139 1583 1285 1640 recondita
1305 1585 1439 1656 sapientia
1449 1586 1566 1641 refertos
1582 1587 1665 1656 adiit,
1680 1597 1786 1662 etqua

194 1675 306 1743 bantur,
315 1686 343 1730 et
356 1673 489 1746 deinceps
504 1673 612 1744 priores
624 1670 756 1726 undecim
770 1670 908 1742 dynastias
918 1688 964 1724 re·
1009 1689 1043 1724 ex
1066 1672 1099 1726 iis
1122 1671 1235 1739 didicit,
1260 1688 1292 1725 ea
1315 1672 1372 1742 ipse
1394 1672 1566 1744 consignavit
1585 1673 1674 1746 libro,
1698 1692 1786 1745 quem

193 1781 261 1835 gum
274 1762 450 1827 mortalium,
463 1758 537 1812 libro
554 1755 677 1811 secundo
692 1755 907 1810 continebantur
919 1773 963 1808 se-
1011 1758 1149 1830 inscripsit
1166 1761 1210 1814 De
1229 1757 1350 1830 periodo
1371 1757 1509 1814 Sothiaca.
1531 1760 1593 1813 Jam
1611 1778 1699 1832 qaum
1720 1763 1786 1816 satis

194 1856 309 1918 quentes
318 1846 448 1918 dynastiae
455 1839 732 1918 octo(X11-X1X),
745 1859 863 1913 quarum
873 1842 964 1914 prima
1009 1855 1115 1899 constet
1130 1845 1284 1917 astrologos
1296 1843 1396 1897 mundi
1414 1853 1442 1898 et
1459 1845 1570 1898 initium
1591 1857 1620 1900 et
1638 1848 1785 1902 interitum

194 1931 347 1987 Sesostride
365 1948 430 2004 rege
448 1929 629 1984 celeberrima
647 1939 700 1998 est,
720 1937 861 2002 postrema
880 1929 964 1984 Seso-
1009 1939 1036 1983 et
1050 1931 1172 2002 epochas
1190 1931 1343 2003 praecipuas
1363 1931 1456 1983 metiri
1469 1930 1565 1985 solitos
1577 1949 1635 1986 erse
1651 1949 1687 1986 ex
1700 1935 1787 2004 cyel'ss

193 2020 384 2073 stri-Rametse
398 2015 541 2084 inclaruit3
556 2016 676 2086 reliquas
684 2013 813 2068 undecim
827 2013 965 2086 dynastiae
1008 2017 1175 2088 quibusdam
1205 2016 1411 2083 astronomicis,
1447 2016 1571 2071 dubitari
1605 2019 1654 2072 vix
1690 2031 1786 2090 potest

193 2106 236 2158 vel
252 2102 402 2159 duodecim
419 2101 609 2176 (XX-XXX
621 2100 666 2155 vel
681 2099 798 2172 XXXI)
816 2115 904 2172 usque
927 2100 962 2154 ad
1008 2103 1128 2157 eundem
1140 2106 1170 2158 in
1180 2101 1265 2158 linem
1275 2103 1474 2161 Marathonem
1491 2121 1608 2179 quoqne
1622 2103 1785 2162 adhibuisse

192 2204 364 2266 postremum
373 2208 466 2264 regem
479 2190 789 2263 AEgyptiumvelusque
799 2189 836 2244 ad
845 2189 962 2246 Alexan·
1007 2189 1157 2268 periodum
1168 2189 1336 2249 Sotbiacam.

192 2275 963 2350 dridominationemexhibebatlibertertiusl'l.Sedde
1046 2280 1149 2348 Verum
1158 2280 1300 2334 enimvero
1310 2277 1479 2332 dudumviri
1489 2277 1566 2333 docti
1576 2293 1785 2351 perspexerunt

191 2367 234 2420 his
244 2377 391 2438 antequam
402 2365 750 2437 accuratiusexponamus,
759 2363 912 2419 videndum
923 2374 963 2419 est
1012 2364 1116 2420 librum
1129 2367 1205 2420 hunc
1226 2365 1388 2420 Sothiacum
1401 2366 1451 2418 τεεί
1463 2367 1574 2421 serioris
1590 2383 1648 2419 esse
1664 2365 1787 2440 fretum,

192 2453 228 2508 de
235 2471 321 2526 opere
332 2451 410 2525 quod
418 2448 511 2514 Βίὸλος
519 2446 617 2514 Σούδεος
627 2441 839 2505 inscribebatur.
851 2449 918 2522 Quae
926 2451 963 2505 de
1007 2453 1053 2506 cui
1064 2461 1162 2507 auctor
1171 2470 1275 2506 nomen
1286 2452 1461 2506 Manethonis
1469 2464 1498 2506 et
1509 2453 1653 2525 epistolam
1665 2453 1703 2507 ad
1714 2455 1782 2509 Pto·

189 2558 226 2594 eo
241 2549 383 2612 comperta
396 2537 540 2605 habemus,
564 2538 615 2591 uni
631 2536 764 2591 debemus
783 2537 921 2609 Syncello.
936 2539 963 2591 Is
1007 2537 1132 2592 lernaeum
1146 2539 1277 2612 scriptam
1293 2537 1452 2612 prefigens,
1469 2539 1589 2610 speciem
1610 2539 1784 2610 antiquitat'u

192 2628 267 2681 enim
287 2635 435 2698 postquam
454 2623 489 2678 de
503 2624 597 2678 berosi
609 2623 793 2695 chronologia
813 2622 962 2678 Chaldaica
1007 2627 1157 2681 conciliare
1170 2624 1319 2683 studuerit.
1347 2624 1785 2700 fraudemclamantverbaepi-

191 2713 358 2778 rerbafecit,
367 2711 403 2766 ad
416 2709 611 2783 AEgyptiorum
623 2719 749 2782 tempora
758 2728 786 2765 se
798 2717 962 2764 convertens
1006 2713 1093 2769 stolae.
1119 2715 1190 2766 Nam
1200 2711 1272 2766 istud
1285 2708 1442 2787 Πτολεμαίῳ
1454 2709 1614 2789 Φιλαδελφῳ
1623 2708 1783 2790 Σεόαστῷ

190 2801 281 2872 pergit
290 2799 366 2852 hunc
379 2797 409 2850 in
418 2795 535 2850 modum
548 2814 578 2870 p.
593 2801 646 2864 4ο,
660 2798 685 2850 Α
699 2814 705 2852 :
1005 2797 1151 2852 manifesto
1166 2797 1263 2869 prodit
1276 2807 1403 2870 tempora
1417 2798 1619 2870 imperatorum
1633 2801 1783 2855 Romano-

232 2881 373 2962 Πρόκειται
393 2879 420 2938 δί
440 2877 529 2937 λοιπδν
545 2879 589 2936 καί
603 2879 661 2956 περὶ
675 2883 721 2950 τῆς
742 2880 793 2937 τῶν
813 2879 960 2956 Αἰγυπτίων
1006 2901 1077 2937 rum.
1118 2887 1208 2939 Porro
1220 2885 1329 2939 Hermae
1340 2883 1484 2956 epitheton
1497 2879 1674 2960 τρισμίγιστας
1687 2903 1703 2940 a
1716 2889 1782 2942 Pto·

191 2969 339 3035 luicardae
360 2965 440 3045 μικρδ
458 2966 590 3024 διαλαόεῖν
606 2967 636 3024 ἰκ
650 2969 700 3024 τῶν
716 2971 828 3028 ἰίἱανεδῶ
848 2973 892 3026 τοῦ
910 2971 961 3028 Σε-
1005 2969 1093 3024 lemaei
1107 2972 1135 3025 11
1152 2971 1325 3044 temporibus
1337 2972 1458 3025 alienum
1478 2989 1534 3025 esse
1552 2971 1676 3029 videtur.
1719 2975 1781 3027 Pri·

190 3055 323 3128 ύεννύτοο,
335 3055 361 3121 δς
383 3052 425 3112 tet
439 3053 603 3129 Πτολεμαίου
617 3058 661 3112 τοῦ
681 3053 848 3132 Φιλαδέλφου
869 3057 961 3133 δρχιε-
1004 3075 1083 3111 mum
1099 3057 1159 3128 ejus
1172 3058 1330 3129 exemplum
1343 3057 1374 3110 in
1387 3059 1537 3112 Rosettana
1550 3057 1664 3113 demum
1678 3061 1781 3114 inscri-

191 3142 248 3221 ρούς
267 3147 319 3201 τῶν
340 3143 367 3199 έν
390 3141 515 3219 Αἰγύπτῳ
535 3139 670 3198 εἰδωλείων
690 3140 854 3218 χρηματίσας
868 3143 961 3200 ἐκτῶν
1004 3145 1102 3216 ptione
1111 3146 1245 3216 occurrit,
1255 3143 1475 3216 frequentissime
1484 3153 1576 3199 autern
1586 3162 1692 3200 nomen
1705 3146 1781 3201 istud

190 3231 263 3308 έντῇ
279 3227 423 3306 Σηριαδικῇ
439 3231 472 3304 γῇ
487 3226 611 3302 κειμένων
629 3226 730 3294 στηλῶν
748 3229 806 3306 ἱερᾷ
826 3249 889 3306 φησι
903 3229 961 3287 δια·
1004 3229 1154 3304 usurpatur
1176 3234 1207 3287 in
1225 3231 1391 3287 Hermeticis
1408 3231 1499 3298 libris,
1523 3247 1645 3302 quorum
1663 3233 1778 3304 plurimi

189 3315 274 3394 λέκτῳ
285 3313 330 3372 καί
339 3318 525 3392 ἰερογραφικοῖς
535 3311 672 3391 γράμμασι
683 3313 960 3392 κεχαρακτηρισμένων
1005 3321 1088 3373 tertio
1101 3328 1164 3392 post
1179 3319 1318 3374 Christum
1331 3318 1431 3372 saeculo
1443 3328 1507 3372 sunt
1520 3319 1679 3390 compositi.
1723 3317 1780 3375 lis-

190 3401 240 3460 ἱιπδ
251 3404 314 3463 out
326 3405 372 3458 τοῦ
384 3398 486 3478 πρώτου
496 3399 614 3478 Ἑρμοῦ,
627 3399 671 3456 καί
682 3401 883 3478 ἰρμηνευθεισῶν
894 3400 961 3476 μετδι
1005 3403 1126 3478 demque
1143 3405 1202 3459 sere
1219 3405 1391 3478 temporibus
1403 3413 1526 3458 nostram
1543 3421 1659 3476 quoque
1673 3405 1779 3477 episto-

189 3489 233 3548 τδν
249 3485 432 3562 κατακλυσμὸν
447 3489 477 3544 ἐκ
489 3491 534 3556 τῆς
553 3487 623 3564 ἱερᾶς
637 3483 769 3542 διαλέκτου
784 3487 818 3551 εἰς
832 3485 879 3557 τὴν
897 3487 960 3548 Ἑλ·
1004 3490 1061 3546 lam
1082 3491 1271 3564 amignandam
1290 3508 1347 3545 esse
1367 3491 1541 3563 suspicantur
1562 3492 1616 3544 viri
1635 3492 1779 3546 clarissimi

188 3573 281 3646 ληνίδα
304 3573 390 3653 φωνὴν
405 3574 459 3649 (εἰς
471 3571 519 3642 τὴν
538 3573 624 3641 κοινὴν
645 3570 730 3650 φωνὴν
746 3593 768 3632 s.
794 3572 958 3652 διύλεκτονί)
1006 3579 1315 3652 ἱεαοιιιιὶιιεὶέίασαείἰ
1326 3578 1376 3632 des
1389 3581 1529 3649 [πατὴρ.
1547 3587 1577 3632 εἰ
1595 3579 1646 3634 lot.
1663 3579 1700 3638 de
1717 3579 1777 3633 ΙΕ-

188 3661 340 3740 γραίμμασιν
359 3657 551 3738 ἰερογλυφικοῖς,
568 3657 612 3716 καί
627 3659 798 3716 ἀποτεθιισῶν
816 3659 842 3714 έν
860 3659 960 3734 βίύλοις
1001 3677 1105 3737 gypte,
1129 3675 1198 3721 tom.
1217 3667 1245 3734 1,
1264 3684 1294 3738 p.
1317 3663 1392 3731 206,
1412 3663 1468 3719 283
1483 3659 1565 3738 sqq.)
1583 3675 1612 3719 et
1627 3665 1778 3720 Boechhius

189 3749 240 3806 ἱιπδ
263 3753 307 3806 τοῦ
328 3745 542 3823 Ἀγαδοδαὶμονος
562 3747 617 3802 υἱοῦ
638 3750 684 3802 τοῦ
707 3743 825 3823 δευτέρου
845 3744 959 3825 Ἑρμοῦ,
1005 3752 1192 3822 (Manethon.
1204 3753 1249 3806 die
1262 3751 1557 3824 Hundrsternperiode,
1575 3752 1671 3805 Berlin
1687 3752 1768 3819 1845,

187 3835 284 3914 πατρὸς
294 3835 320 3893 δέ
330 3840 375 3893 τοῦ
385 3833 443 3894 Τδτ
455 3834 481 3890 ἰν
491 3835 543 3897 τοῖς
551 3831 651 3898 ἀδύτοις
662 3834 712 3888 τῶν
724 3834 799 3910 ἱερῶν
809 3829 959 3910 Αἰγύπτου,
1002 3855 1032 3908 ρ.
1060 3834 1124 3913 15).
1173 3839 1308 3893 Praeterea
1328 3837 1436 3896 nullam
1461 3837 1598 3910 Egyptus
1616 3837 1702 3893 habet
1726 3839 1775 3911 γῆν

187 3922 371 4002 προσεφώνησε
393 3923 430 3999 τῷ
450 3920 520 3997 αὐτῷ
540 3918 701 3997 Φιλαδέλφῳ
723 3920 837 3995 βασιλεῖλ
849 3918 959 3998 δευτέρῳ
1003 3920 1173 3999 Σηριεδικλν,
1194 3926 1303 3979 nullum
1321 3925 1402 3978 novit
1419 3923 1570 3990 diluvium,
1589 3941 1682 3996 neque
1702 3925 1776 3979 duos

188 4009 345 4088 Πτολεμαίῳ
357 4011 383 4066 ἰν
399 4013 432 4086 τῇ
448 4005 557 4084 Βίόλῳ
579 4009 632 4075 τῆς
648 4003 775 4069 Σώθεος
794 4001 900 4082 γροίφων
916 4004 958 4061 tet
1002 4010 1147 4065 Hermetes
1165 4021 1245 4065 vetus
1266 4009 1461 4084 AEgyptiorum
1488 4009 1662 4086 mythologia
1684 4027 1775 4084 agno-

187 4094 278 4164 λίξεως
291 4095 386 4160 ούτως·
1003 4091 1056 4150 scit
1072 4093 1284 4174 (*).·Satis't1inc
1303 4096 1468 4170 intelligitur
1481 4091 1582 4159 Σώδεος
1601 4095 1721 4166 librum,
1737 4097 1774 4152 de

226 4177 407 4251 Ἐπιστολὴ
428 4180 566 4238 Μανεθῶ
587 4181 644 4234 τοῦ
665 4174 861 4234 Σεόεννύτου
881 4175 958 4256 πρὸς
1141 4250 1147 4262 ι
1311 4249 1317 4260 ι
1344 4249 1350 4262 γ
1534 4248 1540 4260 γ
1572 4248 1579 4260 ι
1695 4249 1702 4260 ·

187 4262 710 4343 ΠτολεμαῖοντδνΦιλεέδελφον.
937 4351 954 4366 Ν
1000 4248 1503 4369 wlll'tltmpmbwozfflfflupffl
1529 4251 1772 4371 &mm

225 4355 359 4413 “Bllff‘i‘i
374 4351 481 4430 μῑίἄλῳ
492 4349 650 4428 Πτολὶμαίὶ)
664 4347 823 4428 &Midili
837 4347 956 4429 ‘nemi’
1000 4394 1057 4429 mon
1075 4381 1242 4441 interpretatur
1251 4378 1351 4428 Thothis
1359 4379 1514 4427 monumenta
1526 4378 1644 4437 literaria,
1656 4379 1691 4426 sie
1707 4379 1772 4440 apud

185 4443 298 4499 Μανεθῶ
309 4437 442 4518 ἀρχιερεὺς
454 4436 499 4495 καί
513 4433 681 4513 γραμματεύς
690 4436 741 4492 τῶν
753 4437 810 4492 κατ’
823 4433 955 4511 Αἱγυτιτον
1000 4452 1113 4499 Bormum
1134 4446 1275 4496 Annodotns
1305 4445 1424 4494 secundus
1447 4445 1552 4506 explicat
1578 4445 1661 4494 literas
1677 4458 1771 4507 εεσεεε,

183 4529 258 4602 ἱερῶν
277 4525 388 4600 ἀδύτων,
402 4523 470 4600 γένει
491 4521 649 4592 Σεόεννύτης
670 4520 793 4599 ύτιίρχων
815 4519 956 4579 Ἡλιουπο-
1000 4529 1061 4578 q¹¹⁸⁸
1072 4520 1166 4565 0³¹1¹¹⁰¹
1185 4517 1241 4563 ⁸³¹0
1256 4514 1374 4564 diluvium
1392 4513 1539 4596 Qldml·
1579 4515 1692 4594 Simili&
1707 4515 1771 4576 φοοδ

183 4611 272 4684 λὶτης,
288 4617 324 4690 τῷ
339 4611 450 4688 δεσπότῃ
466 4631 515 4686 μου
530 4605 686 4695 Πτολεμαίῳ
697 4607 808 4685 χαίρειν,
823 4631 836 4658 υ
999 4583 1577 4716 ἓξφγοὲῗωὶᾞΰῳᾱιὲιορργοὲοῳὲὲέυιῐφηρμ
1587 4585 1677 4701 1ῖειὶιιῑγ
1693 4583 1731 4707 (δέ)
1743 4597 1771 4701 i,

222 4723 235 4750 ⁴¹
245 4696 331 4774 ‘der
341 4697 379 4754 ⁸⁸3
386 4695 539 4774 λίἱίζῑίθαῑι
546 4691 651 4772 illim*
660 4693 777 4771 βαὶῑλὶῦι
784 4691 953 4771 πῑίἰπάίτων
999 4724 1059 4774 seth
1071 4735 1149 4783 regern
1160 4691 1232 4781 enai,
1243 4721 1286 4783 qui
1297 4734 1329 4770 ne
1338 4720 1414 4770 litera
1424 4720 1446 4768 ri
1455 4687 1575 4782 aquaruni
1580 4687 1770 4780 ddtdrer'entar,

997 4793 1068 4842 stelm
1076 4792 1190 4853 effigiata
1200 4790 1280 4854 posuit
1291 4791 1402 4852 κατὰγῆυ
1418 4791 1460 4847 τὴν
1478 4789 1571 4851 septas
1585 4789 1639 4847 (οἱ.
1657 4789 1768 4839 Euststh.

212 4871 242 4932 Γ)
254 4867 367 4932 Dynastr'a
384 4868 461 4917 xxxi
473 4877 539 4926 reges
550 4867 677 4913 Persarum
691 4874 892 4924 recensens,qum
899 4865 952 4925 post
996 4865 1097 4912 flexam.
1114 4874 1139 4923 p.
1155 4863 1210 4921 εἳ).
1224 4885 1255 4896 -
1272 4861 1343 4922 signs
1359 4872 1427 4909 saera
1440 4857 1617 4921 (ῑερογραφικᾶς
1632 4857 1700 4920 qaod
1718 4871 1769 4906 non

181 4939 343 4990 Nestanehum
353 4947 428 4999 ιιοηιιε
444 4933 474 4985 ad
484 4931 611 4983 Alexandri
628 4934 735 4994 tempora
745 4933 884 4993 regnarunt,
894 4944 950 4994 pro·
996 4934 1065 4979 muto
1083 4930 1108 4978 in
1123 4928 1270 4991 ίερογλυφιαέ
1278 4931 1296 4990 ),
1308 4941 1363 4991 qam
1379 4928 1442 4978 Toth
1460 4927 1524 4990 apud
1541 4927 1708 4977 ttandhonem
1717 4929 1767 4976 ste-

180 5007 290 5058 habiliter
299 5018 346 5056 non
358 5005 388 5054 ab
396 5005 446 5066 ipso
460 5001 603 5054 Marathone
610 5000 731 5061 proserta,
749 4999 790 5050 sed
803 4999 895 5048 abelis
912 4999 952 5048 ad-
996 5001 1025 5049 tis
1044 4999 1179 5060 insculpsit,
1200 4999 1315 5060 unquam
1335 4999 1416 5059 ιςιιοεε
1432 5010 1529 5059 prorsus
1546 4995 1659 5059 nuptia
1675 4999 1767 5046 morta-

180 5079 229 5126 dita
239 5080 281 5127 est.
998 5069 1061 5118 libus
1077 5067 1175 5129 cogitari
1194 5066 1296 5128 dehent,
1307 5066 1366 5116 adeo
1381 5070 1409 5116 ut
1426 5065 1472 5128 deo
1487 5066 1615 5129 inwprete
1629 5077 1690 5128 opus
1705 5067 1767 5116 eset
