3834 5767
145 293 204 344 ⁴28
816 287 1083 350 Miuls'ruuu'ls

139 413 249 488 λειμῶσι
262 415 307 472 καὶ
319 406 400 472 τοῖσιν
412 413 495 472 ἕλεσιν
508 413 557 471 θπὸ
571 413 685 494 δένδρεσι
702 415 859 492 μεγάλοισιν·
877 408 913 476 διν
995 437 1017 476 τ.
1038 415 1198 491 Πέμπτον
1208 413 1236 472 δέ
1245 413 1318 492 γένος
1329 413 1399 473 ἐστίν
1408 415 1526 475 Ἰνδοῖσιν
1535 418 1559 474 οί
1568 418 1740 494 πολεμισταῖ,

140 497 187 568 τήν
209 499 285 571 σκιὴν
311 501 429 579 Νέαρχος
451 499 519 577 λέγει
540 503 564 567 ἐς
579 501 653 559 πέντε
667 501 765 582 πλέθρα
786 507 811 562 ἐν
826 503 914 582 κύκλῳ
956 504 1051 574 πλήθεϊ
1064 502 1111 578 μέν
1130 499 1249 578 δεύτερον
1263 499 1329 576 μετίι
1347 500 1407 567 τοὺς
1426 502 1569 581 γεωργοὺς,
1583 504 1693 583 πλείστῃ
1708 505 1739 564 δὲ

141 585 312 663 ἐξικνέεσθαι,
331 587 375 646 καί
397 587 428 644 δν
451 587 496 644 καί
511 587 615 666 μυρίους
637 588 785 668 ἀνθρώπως
807 589 858 648 ὑπὸ
878 590 915 648 ἐνί
958 587 1088 668 ἐλευθερίη
1098 609 1127 646 τε
1139 587 1185 645 καί
1194 585 1303 664 εὐθυμίῃ
1313 589 1504 666 ἐπιχρεύμενω·
1516 589 1561 649 καί
1570 580 1640 648 ούτον
1651 594 1740 662 ἄσκη-

141 673 238 750 δένδρεῑ
252 673 413 741 σκιάζεσθαι·
425 675 570 742 τηλικαῦτα
582 664 647 732 εἶναι
657 680 740 732 ταῦτα
753 675 786 734 τὰ
798 675 913 754 δένδρεα.
958 674 1001 731 ταὶ
1011 674 1111 750 μούνων
1124 676 1176 731 τῶν
1186 675 1334 749 πολεμικῶν
1353 674 1435 752 ίργων
1448 675 1508 735 εἰσί.
1525 677 1558 754 (ε)
1571 675 1614 736 Τδ
1625 676 1653 734 δέ
1666 677 1744 736 δπλον

143 761 177 837 (s)
195 759 328 818 Σιτέονται
343 760 370 818 δέ
383 761 467 840 ὡραῖα
481 759 526 817 καί
539 759 583 818 τδν
603 760 692 838 φλοιὸν
706 765 756 820 τῶν
779 761 913 841 δένδρεων,
958 759 1033 818 ἄλλοι
1042 763 1141 818 αὐτοῖσι
1151 760 1274 831 ποιέωσι,
1283 760 1328 818 καλ
1336 758 1431 826 ἵππους
1440 763 1513 820 ἄλλοι
1522 761 1680 841 παρέχουσι·
1690 764 1740 822 καὶ

141 847 236 921 γλυκύν
250 867 277 903 τε
291 845 352 904 ὄντα
367 844 410 903 τδν
424 845 510 924 φλοιὸν
523 846 567 904 καί
577 846 702 926 τρόφιμον
721 852 751 906 οὐ
763 857 835 925 μεῖον
847 847 915 928 ἤπερ
959 847 1131 906 διακονέουσιν
1141 845 1184 904 ἐπὶ
1195 848 1369 924 στρατοπέδω
1382 846 1456 905 ἄλλοι
1463 892 1471 920 ,
1484 846 1509 904 oi
1521 847 1580 913 τούς
1592 872 1621 906 τε
1638 849 1741 915 ίππονς

142 935 169 990 αἱ
183 931 292 1010 βδλανον
305 936 356 990 τῶν
370 931 501 1010 φοινίκων,
959 934 1059 990 αιίτοῑσι
1067 932 1237 1010 θεραπεύωσι
1246 934 1292 990 καὶ
1302 931 1336 990 τδ
1346 932 1416 991 teri«
1430 933 1612 1011 ἐκκαθαίρουσι
1623 935 1667 993 καὶ
1677 936 1739 1001 τοδς

180 1039 202 1080 υ.
225 1019 374 1099 Δεύτερον
385 1021 407 1076 δ’
419 1019 461 1078 ἐπὶ
473 1019 601 1077 τούτοισιν
610 1020 633 1077 ol
644 1019 753 1099 γεωργοί
764 1023 838 1079 τίσιν·
847 1011 917 1078 οὗτοι
960 1017 1099 1097 ἐλέφαντας
1118 1018 1210 1096 έγωσι
1234 1019 1280 1077 καί
1299 1017 1332 1076 sd
1355 1018 1461 1097 ἅρματα
1483 1020 1624 1096 κοσμέωσί
1640 1045 1668 1079 τε
1690 1022 1738 1080 καί

141 1105 235 1177 πλήθεϊ
248 1107 364 1164 πλεῖστοι
377 1104 466 1164 Ἰνδῶν
479 1103 573 1171 ἐόντες·
586 1105 629 1162 καί
640 1105 767 1165 τούτοισιν
779 1105 837 1164 ούτε
848 1105 917 1164 ὅπλα
959 1106 1143 1182 ἡνιοχεύουσιν.
1163 1107 1196 1183 (ι)
1212 1105 1292 1165 birri
1307 1105 1353 1181 δέ,
1363 1107 1418 1164 ἐστ’
1430 1106 1461 1164 ἂν
1476 1105 1523 1181 μὲν
1533 1106 1656 1183 πολεμέει
1671 1107 1735 1187 δίῃ,

143 1192 211 1250 ἐστὶν
232 1191 311 1269 ἀρήια
331 1190 390 1249 οὔτε
404 1190 477 1266 μέλει
500 1189 534 1249 sd
554 1190 667 1268 πολέμια
685 1191 759 1270 έργα,
779 1193 847 1250 ἀλλὰ
870 1192 917 1263 τήν
960 1191 1737 1272 πολεμίωσιν,είρήνηςδὲγενομένηςεθθυμέοντοι·καίσφιν

141 1276 229 1356 χύνρην
244 1268 485 1355 ούτοιέργύζονται·
497 1276 611 1343 καὶτοὺς
623 1278 826 1357 φύρουςτοῖσιτε
840 1283 917 1356 βασι·
961 1280 1049 1352 μισθθς
1063 1279 1092 1334 ἐκ
1106 1283 1150 1334 τοῦ
1166 1283 1251 1336 κοινοῦ
1264 1277 1370 1336 τοσόσδε
1387 1278 1510 1359 έρχεταν,
1525 1283 1560 1345 ὡς
1580 1279 1626 1337 καὶ
1644 1279 1739 1346 ἄλλως

142 1366 216 1422 λεῦσι
226 1364 271 1422 καὶ
288 1368 348 1443 τῇσι
364 1365 476 1436 πολνσιν,
488 1364 547 1422 δσαι
561 1363 716 1441 αὐτόνομοι,
735 1357 805 1424 οὗτοι
819 1365 919 1445 dirupi·
960 1361 1061 1442 τρέφειν
1075 1365 1121 1420 ἀπ’
1135 1366 1215 1422 αὐτοῦ
1229 1364 1369 1443 εὐμαρέως.

135 1467 228 1530 'pocot'
246 1451 288 1531 (ιο)
308 1451 352 1509 καί
365 1453 387 1508 εί
399 1449 512 1526 πολεμος
529 1452 554 1516 ές
573 1450 700 1518 ἀλλήλους
720 1455 800 1510 τοῖσιν
814 1451 918 1510 Ἰνδοῖσι
1000 1469 1024 1511 ε.
1045 1448 1162 1509 Ἕκτον
1177 1451 1206 1509 δέ
1220 1453 1283 1510 εἰσιν
1294 1452 1413 1510 Ἰνδοῖσιν
1424 1453 1449 1509 οἱ
1461 1450 1597 1511 ἐπίσκοποι
1610 1453 1735 1530 καλεύμε-

142 1537 230 1615 τύχοι,
239 1540 289 1594 τῶν
297 1535 474 1616 ἐργαζομένων
482 1535 529 1606 τὴν
538 1541 586 1612 γῆν
594 1539 623 1594 ού
632 1536 703 1612 θέμις
713 1535 772 1615 σφὶν
782 1535 918 1609 ἅπτεσθαι,
962 1557 1008 1594 νον.
1022 1527 1104 1596 Οὗτοι
1114 1540 1225 1616 ἐφορῶσι
1235 1535 1270 1595 τδ
1279 1539 1401 1615 γινόμενα
1413 1537 1482 1595 κατέ
1495 1559 1523 1594 τε
1533 1537 1581 1609 τήν
1591 1539 1680 1618 χώρην
1691 1539 1739 1596 καί

144 1623 201 1681 οὐδὲ
210 1621 289 1694 αὐτὴν
299 1623 345 1694 τήν
353 1623 525 1698 γῆντνίμνειν·
536 1621 604 1680 ἀλλθ
615 1626 638 1681 οἱ
650 1623 697 1699 μέν
707 1620 863 1699 πολεμέουσι
874 1624 920 1681 καλ
962 1620 1029 1678 κατὰ
1042 1621 1089 1688 τθς
1099 1623 1203 1689 πόλιας·
1215 1624 1260 1681 καί
1272 1628 1355 1681 ταῦτα
1369 1622 1556 1702 ἀναγγέλλουσι
1568 1629 1605 1705 τῷ
1622 1627 1735 1704 βασιλέί,

145 1711 344 1769 κατακαίνωσιν
366 1709 494 1780 ἀλλήλους
514 1709 584 1774 ὅπως
596 1707 709 1788 τύχοιεν,
725 1713 748 1768 oi
763 1711 789 1768 δὲ
809 1708 919 1779 πλησίον
961 1705 1056 1786 ίναπερ
1067 1709 1245 1786 βασιλεύονται
1255 1709 1348 1787 Ἰνδοί,
1359 1709 1452 1780 ήτοῖσι
1463 1711 1572 1781 τέλεσιν,
1582 1709 1675 1790 ίναπερ
1688 1714 1735 1770 αύ-

144 1800 230 1856 αὖτῶν
250 1799 307 1854 κατ’
322 1796 434 1875 ἡσυχίην
449 1798 553 1873 ἀροῦσιν
566 1794 583 1866 ἢ
601 1799 728 1874 τρυγῶσιν
745 1793 762 1867 ἢ
782 1797 920 1864 κλαδοῦσιν
962 1794 1066 1870 τύνομον
1075 1795 1191 1854 είσί·καλ
1200 1796 1326 1855 τούτοισιν
1336 1796 1445 1874 ούθέμις
1454 1799 1547 1876 ψεῦδος
1558 1799 1735 1875 ἐγγεῖλαιού·

145 1881 162 1953 ἢ
177 1883 327 1962 θερίζουσιν.
963 1881 1015 1938 δέν·
1027 1881 1086 1939 οὐδέ
1098 1905 1136 1948 τις
1149 1882 1236 1943 Ἰνδῶν
1250 1884 1336 1954 αἰτίην
1350 1883 1411 1962 ἔσχε
1423 1883 1578 1962 ψεύσασθαι.

185 1989 219 2031 11.
242 1968 354 2048 Τρίτον
369 1967 396 2026 δέ
408 1969 471 2025 εἰσιν
484 1965 599 2026 Ἰνδοῖσιν
614 1970 637 2025 οί
651 1967 752 2045 νομέες,
764 1971 788 2027 σί
801 1969 920 2046 ποιμένες
1001 1984 1025 2027 ο.
1046 1964 1213 2042 Ἐύδομον
1225 1967 1253 2026 δέ
1267 1973 1331 2027 εἰσιν
1341 1972 1365 2027 οί
1376 1967 1441 2047 ὑπὲρ
1452 1972 1503 2026 τῶν
1517 1973 1608 2027 κοινῶν
1622 1973 1740 2048 βουλευό-

145 2079 172 2113 τε
193 2055 237 2114 καί
258 2055 392 2134 βουκολοε,
405 2053 450 2112 καὶ
464 2045 535 2112 οὗτοι
549 2052 606 2112 ούτε
629 2055 697 2113 κατθι
710 2053 802 2120 πολιας
819 2053 878 2114 οὔτε
893 2058 921 2113 ἐν
964 2056 1105 2129 μενοεθμοῦ
1114 2058 1152 2134 τῷ
1161 2054 1272 2132 βασιλέῐ,
1282 2055 1299 2126 ἢ
1308 2055 1740 2136 κατὰτὰςπύλιαςύσαιαῦτόνομοι

146 2147 204 2218 τῇσι
221 2140 339 2222 κώμῃσιν
356 2139 476 2200 οίκέουσι.
493 2141 611 2215 Νομάδες
630 2141 659 2198 τί
681 2143 731 2200 εἰσι
751 2141 796 2200 καί
817 2141 867 2200 ciri
887 2142 919 2200 εδ
963 2139 1009 2197 σὺν
1018 2144 1093 2218 τῇσιν
1107 2146 1213 2220 ἀρχῇσι.
1233 2143 1263 2220 (τί
1275 2143 1376 2214 Πλήθεῖ
1384 2143 1430 2220 μὲν
1442 2145 1526 2221 ὀλίγον
1537 2145 1567 2204 τθ
1578 2146 1649 2224 γένος
1663 2147 1745 2206 τοῦτό

145 2229 222 2310 ούρεα
239 2228 394 2306 βιοτεύουσι·
408 2226 486 2306 φύρον
499 2226 525 2285 δέ
537 2227 582 2285 καὶ
598 2219 666 2286 οὗτοι
681 2228 733 2287 ἀπὸ
744 2231 794 2286 τῶν
806 2227 920 2298 κτηνέων
964 2229 1031 2301 ἐστι,
1041 2227 1117 2306 σοφίῃ
1129 2229 1157 2286 δέ
1166 2230 1211 2287 καί
1223 2229 1365 2301 δικαιότητι
1374 2233 1404 2289 ἐκ
1413 2231 1517 2289 πάντων
1526 2235 1738 2315 προκεκριμένον·

145 2317 314 2394 ἀποφέρουσι·
325 2316 370 2374 καί
381 2311 529 2394 θηρεύουσιν
544 2303 615 2372 οὗτοι
628 2311 678 2372 ἀνὰ
693 2313 740 2384 τήν
752 2311 841 2394 χώρην
851 2313 920 2392 ὄρνι·
964 2313 1033 2372 ἔνθεν
1042 2313 1067 2372 οί
1079 2338 1107 2372 τε
1119 2315 1240 2394 ἄρχοντες
1254 2318 1367 2375 αύτοῖσιν
1383 2315 1544 2394 ἐπιλέγονται
1563 2321 1608 2377 καὶ
1627 2320 1682 2380 ὅσοι
1695 2345 1737 2381 νο·

145 2402 188 2470 tri<
198 2425 227 2461 τε
238 2403 284 2462 καὶ
295 2402 372 2482 ἄγρια
382 2402 468 2480 θηρία.
964 2402 1066 2479 μοίρχαι
1077 2400 1121 2459 καὶ
1142 2401 1255 2483 ὕπαρχοι
1270 2403 1315 2461 καί
1327 2403 1553 2483 θησαυροφύλακές
1563 2431 1592 2465 τε
1603 2407 1649 2466 καὶ
1662 2431 1737 2486 στραι

184 2494 251 2566 Cap.
275 2492 338 2550 Xll.
359 2492 384 2550 Τ
390 2487 523 2568 ίταρτζον
538 2487 565 2545 δέ
584 2489 640 2544 ἐστι
653 2486 684 2545 τὸ
698 2487 880 2565 δημιουργικόν
893 2511 921 2547 τε
963 2489 1117 2569 τοφύλακες,
1136 2489 1262 2568 ναύαρχοί
1285 2513 1313 2548 τε
1334 2490 1379 2549 καλ
1400 2491 1508 2569 ταμίαι,
1528 2494 1572 2552 καί
1591 2498 1643 2552 τῶν
1668 2495 1742 2558 κατὰ

145 2575 189 2633 καὶ
206 2575 351 2646 καπηλικὸν
371 2575 451 2651 γένος.
473 2573 527 2634 Καί
547 2565 615 2632 οὗτοι
636 2573 778 2654 λειτωργοί
792 2576 860 2650 εἰσι,
876 2574 921 2632 καὶ
963 2575 1090 2655 γεωργίην
1101 2574 1182 2652 έργων
1192 2576 1338 2637 ἐπιστάται.

145 2661 222 2741 φόρον
233 2661 405 2744 α’ποιρέρουσιν
418 2659 469 2718 ἐπὸ
480 2664 531 2718 τῶν
543 2659 624 2739 έργων
638 2663 689 2718 τῶν
701 2658 840 2740 σφετέρων,
852 2661 920 2731 πλήν
1002 2683 1026 2723 ε.
1049 2661 1162 2737 Γαμίενν
1174 2661 1202 2721 δέ
1218 2663 1242 2731 ἐξ
1261 2663 1347 2740 ἑτέρου
1357 2664 1442 2742 γίνεος
1455 2667 1483 2724 οθ
1495 2665 1582 2742 θέμις,
1602 2658 1655 2726 οἷον
1673 2669 1739 2726 τοῖσι

145 2773 175 2826 γε
185 2751 215 2820 δὴ
229 2749 283 2809 ὅσοι
295 2751 327 2806 τδι
339 2749 418 2827 σἰρήνα
429 2747 497 2806 ὅπλα
507 2747 644 2806 ποιέουσιν·
657 2738 726 2804 οὗτοι
736 2748 761 2806 δέ
772 2748 816 2805 καί
830 2749 920 2824 μισθὸν
964 2757 1116 2828 γεωργοῖσιν
1127 2751 1157 2806 ἐκ
1167 2755 1213 2808 τοῦ
1226 2752 1425 2829 δημιουργικοῦ,
1445 2751 1462 2822 i
1480 2752 1603 2828 ἔμπαλιν·
1621 2754 1677 2812 οὐδὲ
1695 2754 1739 2812 δύο

145 2837 176 2894 ἐκ
188 2841 234 2895 τοῦ
247 2841 331 2894 κοινοῦ
341 2833 598 2914 προαλαμύνίνουσιν.
610 2833 655 2894 Ἐν
668 2833 695 2892 δέ
709 2833 792 2912 τούτῳ
805 2839 842 2913 τῷ
853 2835 921 2912 γένεϊ
964 2834 1058 2914 τέχνας
1071 2837 1227 2906 ἐπιτηδεύειν
1239 2838 1282 2894 τὸν
1296 2838 1386 2912 αὐτὸν,
1405 2837 1467 2900 οὐδὲ,
1482 2844 1558 2897 τοῦτο
1577 2839 1662 2914 θέμις·
1681 2841 1738 2899 οὐδὲ

143 2922 170 2981 οί
180 2947 207 2982 τε
221 2923 348 3001 ναυπηγοὶ
362 2923 441 2982 καλοί
454 2921 548 2980 ναῦταί
558 2925 633 2994 εἰσιν,
649 2921 704 2982 ὅσοι
718 2922 788 2980 κατδι
799 2923 858 2989 τοὺς
868 2947 919 2982 πο·
964 2921 1081 2997 σἰμείθειν
1094 2922 1120 2990 ἐξ
1135 2922 1223 3000 ἑτέρου
1235 2923 1320 3001 γένεος
1335 2927 1371 2990 είς
1381 2924 1476 3003 ἕτερον,
1491 2915 1543 2983 οίον
1555 2927 1695 3005 γεωργικὸν
1708 2931 1737 2986 ἐκ

144 3011 244 3086 ταμοίις
257 3010 382 3072 πλιύουσι.
963 3008 1054 3086 νομέος
1064 3011 1197 3089 γενέσθαι,
1211 3011 1229 3082 ἢ
1243 3013 1322 3090 νομέα
1332 3017 1361 3072 ἐκ
1375 3015 1569 3093 δημιουργικοῦ,
1590 3017 1625 3091 (ν)
1638 3021 1739 3078 Μοῢνον

145 3195 207 3243 ‹lena
219 3194 341 3243 bominum
351 3194 424 3244 millia
431 3195 477 3245 sub
486 3195 556 3244 unius
565 3194 657 3244 arboris
665 3195 751 3244 umbre
766 3195 919 3257 delitesrem3
956 3192 1087 3241 secundum
1100 3194 1154 3253 post
1168 3191 1297 3252 agricolas,
1309 3192 1350 3239 sed
1364 3192 1469 3240 maxime
1480 3190 1587 3241 illerum.
1598 3192 1673 3249 alque.
1690 3187 1737 3236 ala-

145 3275 219 3322 tautne
233 3272 401 3334 magnitudinis
415 3285 466 3322 esse
481 3286 521 3323 eas
536 3274 642 3323 arbores.
675 3274 709 3336 (u)
724 3273 852 3323 Fructibus
862 3287 920 3324 vero
956 3283 1004 3318 cre.
1038 3269 1159 3318 llisoluin
1172 3269 1270 3316 bellicas
1284 3283 1322 3318 res
1335 3270 1458 3318 exercent.
1493 3269 1527 3328 (³)
1542 3266 1667 3315 irmealii
1681 3264 1739 3326 ipsis

146 3350 247 3398 maturis
261 3352 389 3397 vescuntur
400 3349 576 3411 corticibusque
593 3350 719 3408 arborum,
736 3363 790 3412 quae
802 3352 826 3398 et
839 3349 920 3400 dulces
956 3348 1101 3406 coniciunt,
1112 3349 1137 3396 et
1146 3360 1222 3408 equos
1233 3348 1275 3396 elii
1285 3349 1452 3410 suppeditant,
1462 3346 1619 3409 serviuntque
1631 3347 1668 3395 bis
1676 3343 1743 3408 apud

145 3427 235 3474 suntet
244 3425 313 3474 multi
323 3425 477 3486 nutrimenti,
487 3427 585 3488 perinde
598 3427 809 3488 atquepalruarum
819 3425 918 3475 tructus.
965 3427 1042 3475 eastra
1055 3427 1110 3486 elii,
1124 3425 1166 3487 qui
1176 3428 1202 3474 et
1211 3439 1286 3494 qquos
1298 3431 1384 3475 curant
1400 3429 1473 3488 alque
1485 3439 1552 3474 arma
1567 3429 1705 3487 emergent,
1714 3431 1740 3476 et

177 3509 200 3550 9.
211 3499 346 3550 secundum
353 3513 426 3562 genus
433 3500 556 3550 bominum
563 3502 919 3564 pustsopbistassuutagriooloe,
965 3503 1102 3563 depbuntos
1122 3502 1229 3562 ducunt,
1250 3506 1276 3551 et
1293 3515 1378 3552 currus
1400 3502 1522 3552 instruunt
1543 3515 1573 3550 ac
1595 3504 1737 3564 gubernant.

145 3577 292 3638 quiquidem
299 3590 400 3626 numero
409 3577 511 3640 reliquas
519 3577 716 3627 lndommtribus
726 3578 794 3639 louge
801 3581 919 3640 superant.
965 3579 999 3640 (l)
1018 3580 1151 3642 ipsimae,
1165 3593 1240 3642 quum
1256 3580 1393 3628 bellandum
1407 3582 1454 3634 eet,
1474 3580 1565 3628 bellant
1583 3599 1590 3628 ι
1610 3580 1737 3630 oonsutma

145 3655 177 3704 lli
188 3667 265 3717 neque
274 3667 339 3704 erma
348 3656 451 3716 babent,
465 3655 552 3716 quibus
562 3657 586 3703 in
596 3655 657 3704 bello
664 3657 771 3715 utantur,
782 3667 859 3716 neque
867 3655 919 3704 bel·
964 3659 1045 3705 autem
1055 3657 1252 3718 paoejucundam
1264 3659 1337 3718 atque
1354 3657 1457 3704 alacrem
1469 3657 1544 3704 vitam
1563 3656 1667 3717 degunt,
1685 3660 1738 3705 ten·

146 3733 204 3782 lices
217 3747 254 3784 res
274 3735 359 3782 curant
377 3734 434 3783 :sed
449 3747 517 3796 κενου
534 3734 630 3794 colunt,
647 3735 671 3782 el
687 3733 782 3795 regibus
795 3733 920 3794 liberisque
964 3736 1065 3795 tumque
1073 3734 1182 3796 stipendii
1193 3735 1228 3783 eis
1239 3748 1269 3784 ex
1279 3734 1375 3796 publico
1384 3733 1464 3797 datur,
1476 3737 1505 3783 ut
1515 3747 1545 3783 ex
1557 3735 1666 3784 eoetiam
1679 3735 1738 3784 alios

146 3811 246 3860 urbibus
262 3811 353 3861 tribou
363 3809 482 3872 pendunt;
503 3811 552 3872 (lo)
564 3813 589 3859 et
603 3810 623 3859 si
640 3809 752 3858 intestine
769 3810 831 3859 inter
849 3811 920 3859 ludos
964 3809 1089 3859 commode
1098 3810 1162 3859 elene
1172 3809 1270 3872 possint

146 3886 209 3937 bella
220 3888 338 3948 incidant,
349 3899 394 3936 nec
402 3887 458 3935 lieet
467 3886 583 3935 militibus
594 3899 679 3934 manus
691 3887 788 3947 injicere
796 3887 919 3949 agricolis,
997 3894 1019 3935 ο.
1037 3890 1137 3936 Sextum
1149 3900 1222 3948 genus
1236 3889 1272 3936 et
1286 3887 1451 3948 episcoporum
1462 3886 1513 3936 sive
1521 3886 1701 3948 inquisitorum,
1713 3890 1741 3940 ot

147 3977 225 4026 neque
234 3965 311 4027 ipsum
323 3976 405 4025 ugrum
413 3962 618 4012 vastaresedalii
628 3963 824 4012 intersebellum
836 3965 921 4025 gerunt
965 3967 1089 4013 vocantur.
1122 3964 1153 4013 ili
1162 3963 1220 4025 quid
1228 3964 1254 4011 iu
1262 3963 1325 4025 agris
1333 3965 1417 4024 agaim
1426 3963 1565 4025 inquirunt,
1587 3977 1663 4025 eaque
1683 3965 1741 4026 regi·

146 4055 244 4104 seseque
255 4044 341 4090 mutuo
351 4039 499 4089 interficiunt
514 4041 586 4101 prout
604 4049 642 4088 res
655 4039 709 4100 (λινες
728 4039 768 4088 alii
782 4041 858 4101 juxta.
867 4041 921 4089 illos
965 4043 1023 4101 bus,
1037 4043 1111 4105 siper
1117 4055 1184 4102 reges
1192 4043 1362 4104 gubernantur,
1376 4043 1418 4090 eut
1428 4041 1617 4102 magistratibus,
1628 4042 1649 4090 si
1660 4042 1741 4091 liberu

147 4119 275 4180 tranquille
284 4120 326 4167 aut
335 4119 418 4177 arant,
428 4119 470 4164 aut
481 4117 559 4177 fruges
568 4116 696 4178 colligunt,
706 4117 749 4166 aut
761 4128 831 4178 poma
845 4115 875 4165 ab
883 4129 919 4164 er·
964 4119 1072 4167 civitatee
1080 4121 1150 4179 sunt,
1162 4117 1312 4166 denuntiant.
1348 4117 1389 4166 llis
1402 4118 1438 4165 les
1446 4130 1495 4166 uon
1506 4119 1542 4166 eet
1553 4117 1611 4164 latre
1622 4130 1666 4178 pro
1677 4119 1740 4167 veris

147 4194 243 4244 boribus
253 4194 391 4250 decutiunt,
399 4195 517 4242 aulmessi
531 4196 626 4242 vacant.
965 4195 1106 4244 denuntiare
1120 4215 1127 4243 :
1144 4208 1222 4256 neque
1233 4192 1348 4243 ludorum
1359 4195 1488 4256 quisquam
1498 4192 1615 4243 mendacii
1632 4207 1744 4256 unquam

181 4280 216 4322 11.
229 4273 335 4322 Tertium
346 4285 420 4333 genua
431 4272 543 4320 ludorum
560 4274 616 4319 aunt
628 4273 732 4332 pastores
748 4271 798 4320 sive
806 4271 921 4332 opiliones
964 4274 1089 4320 accusatus
1098 4274 1142 4322 est.

146 4349 196 4400 sive
207 4349 320 4408 bubulci,
337 4349 362 4397 et
379 4348 404 4396 bi
422 4360 499 4409 neque
515 4347 585 4397 urbes
597 4359 674 4408 neque
685 4359 756 4408 pagos
775 4347 920 4406 inhabitant,
995 4355 1018 4398 e.
1034 4349 1167 4410 septimum
1176 4349 1386 4410 genusesteorum
1400 4347 1480 4408 quide
1490 4346 1561 4394 rebus
1573 4346 1603 4394 ad
1613 4359 1743 4400 commune

146 4427 188 4477 sed
198 4426 331 4488 vagabundi
340 4427 363 4474 iu
371 4424 498 4478 montibus
507 4424 608 4486 degunt,
618 4424 734 4473 tributum
749 4437 806 4472 vero
817 4427 841 4473 et
855 4423 878 4472 bi
890 4438 920 4473 ex
964 4424 1138 4487 pertinentibus
1148 4425 1285 4474 oomultant
1297 4443 1304 4472 r
1319 4423 1392 4485 idque
1404 4424 1442 4471 vel
1452 4437 1508 4471 oum
1516 4436 1586 4484 rege,
1598 4423 1636 4471 vel
1647 4436 1688 4484 per
1699 4436 1740 4470 nr-

147 4505 294 4554 armentiset
308 4515 392 4566 pecore
407 4503 527 4565 pendunt,
540 4504 679 4565 evesqueet
693 4504 795 4564 ερεεείια
812 4503 921 4552 lerasve-
964 4501 1007 4551 bes
1032 4514 1088 4562 quie
1110 4501 1192 4550 liberae
1218 4501 1345 4562 imperium
1370 4502 1454 4549 teoem
1478 4511 1533 4548 oum
1556 4499 1738 4560 magistratibus.

147 4585 244 4630 nentur.
964 4580 998 4640 (7)
1009 4584 1087 4641 Atque
1097 4579 1120 4627 bi
1136 4578 1232 4641 quidem
1244 4592 1343 4628 numero
1355 4577 1425 4640 pauci
1441 4579 1499 4626 sunt
1514 4574 1575 4625 :sed
1587 4574 1703 4636 sapientie
1712 4587 1740 4622 ao

178 4660 229 4707 llll.
248 4659 364 4715 Quartum
373 4668 446 4717 genus
454 4657 490 4704 est
503 4653 614 4716 opiticum
624 4656 648 4702 et
657 4652 839 4714 negotiatorum.
854 4656 884 4703 Et
896 4654 919 4702 bi
963 4656 1055 4717 justitia
1072 4656 1301 4716 reliquispraestant.
1336 4655 1430 4703 Exboc
1450 4665 1537 4714 genem
1554 4651 1739 4713 mugiuntuset

147 4747 247 4783 numera
259 4733 353 4795 publiea
365 4733 492 4794 presunt,
508 4735 581 4793 atque
594 4745 622 4778 εκ
639 4731 751 4792 operibus
766 4731 814 4780 suis
831 4731 919 4780 tributa
965 4733 1088 4793 regionum
1095 4731 1206 4794 presides
1212 4734 1237 4780 et
1246 4732 1352 4793 preelecti
1362 4733 1387 4780 et
1401 4731 1532 4791 questore
1541 4741 1569 4776 ac
1578 4726 1701 4788 copiarum
1714 4729 1738 4775 et

148 4810 338 4872 persolvunl‚iis
354 4809 460 4870 exceptis
474 4809 515 4870 qui
532 4820 598 4856 erma
615 4807 699 4856 bellica
713 4806 867 4856 labricantur.
900 4808 920 4857 li
964 4810 1075 4859 classium
1084 4808 1393 4870 ducev‚aodispeusatores
1403 4805 1672 4856 etrerumvueticarum
1680 4816 1737 4852 exa·

148 4889 211 4938 enim
224 4891 334 4938 etiamen
345 4887 439 4949 publico
451 4886 584 4936 mercedem
594 4885 713 4946 accipiunt
727 4883 768 4933 :iu
780 4885 825 4932 boc
835 4898 920 4945 genere
965 4890 1043 4936 olores
1052 4886 1196 4947 deliguntur.

147 4969 203 5016 sunt
216 4965 274 5015 labri
283 4965 379 5014 navales
390 4967 414 5014 et
425 4967 505 5013 nautae
516 4964 634 5024 quotquot
643 4961 742 5010 llumiue
752 4961 872 5022 navigent.
996 4969 1018 5013 ii.
1039 4963 1153 5023 coniugia
1168 4962 1229 5012 iuter
1241 4962 1285 5010 bos
1297 4961 1392 5010 ordines
1403 4959 1538 5022 promiscua
1553 4957 1603 5005 lieri
1619 4956 1684 5004 netas
1693 4957 1735 5012 est,

173 5053 202 5112 Ιι.
211 5046 326 5102 Quintum
338 5057 411 5108 genus
429 5047 464 5094 est
476 5044 628 5094 militantium
640 5061 646 5091 ι
659 5040 814 5096 multitudino
823 5041 918 5103 quideur
965 5041 1116 5104 nequeenim
1126 5038 1181 5088 licet
1191 5039 1294 5102 exempli
1304 5037 1527 5100 νεωτερίσωσιν
1536 5033 1647 5100 opiticum
1656 5031 1738 5088 ordine
