3834 5767
214 345 275 396 au
882 301 1145 390 ureoasrnem's

218 463 317 536 πολλὴν
338 461 421 522 δοκέει
442 485 485 538 μον
507 438 622 520 ἐσελθεῖν
641 465 687 532 τῆς
702 460 790 520 Ἰνδῶν
807 459 910 539 χώρης,
924 459 993 532 πλήν
1039 473 1166 528 lritarisse
1180 475 1252 526 cirea
1277 468 1489 546 Canjacnbg'am
1504 471 1534 524 in
1551 488 1584 524 ea
1599 475 1804 544 mesopotamia,

219 577 248 628 γε
259 551 299 610 ὅτι
313 553 411 610 πλεῦνα
423 548 440 620 ἢ
454 553 477 607 el
489 549 531 617 ξὺν
547 547 704 626 Ἆλιξνίνδρῳ
717 550 755 627 τῷ
766 547 903 607 Φιλίππου
917 549 995 606 intl-
1040 577 1102 630 quae
1115 562 1237 615 Iamuuae
1254 571 1283 614 et
1295 560 1384 632 Gangi
1397 559 1551 628 interjacet.
1569 559 1651 612 llauc
1664 570 1752 612 antem
1765 579 1805 613 re·

216 639 311 704 θόντες.
327 633 501 714 Σνγγενὲσθαι
516 633 566 715 γὰρ
581 631 771 714 Σανδρακόττῳ
789 632 877 710 λέγει,
891 635 929 712 τῷ
946 655 996 706 μν·
1039 648 1151 719 gionem
1165 647 1210 701 vel
1222 649 1316 719 potins
1332 648 1452 700 vicinam
1470 642 1584 718 perfluit
1600 647 1727 698 inumeri
1737 647 1767 718 (i.
1785 666 1805 702 e.

216 723 300 802 γίσνῳ
311 722 413 801 βασιλέϊ
424 721 468 779 καὶ
482 720 586 800 Πώρῳ,
600 719 638 778 It*
650 719 741 778 ‘W
754 718 839 796 μὲζννν
855 718 916 798 (²⁸⁸²
928 717 996 779 Πνῖν·
1040 731 1177 787 arundine
1199 730 1380 786 saccharifera
1402 729 1561 802 abundans)
1586 731 1625 784 ita
1645 733 1805 797 nominatus,

220 831 263 890 ρσυ
276 809 313 868 ἔτι
323 809 406 886 τούτῳ
420 809 751 884 μίζονιεπι.8σ1ιννσιι1).).
1040 818 1106 888 quia
1119 819 1213 892 regio,
1228 836 1290 890 que
1302 818 1375 872 inter
1391 819 1522 891 vipaeam
1536 826 1565 871 et
1578 817 1705 890 Gangem
1716 836 1805 872 secun·

258 899 360 956 Strabo
373 900 437 965 XV,
451 915 480 971 p.
494 915 550 966 γον
569 895 604 951 de
620 897 715 969 Gange
735 914 742 948 ε
765 891 890 970 digcoan
905 895 928 950 oi
947 891 995 968 μὲν
1041 902 1109 957 dum
1119 903 1281 976 Himalajarn
1291 903 1462 974 extenditur,
1470 901 1621 958 arundinis
1629 905 1806 960 sacchariierae

218 983 357 1061 τριάκοντα
381 981 493 1038 σταδίων
515 979 685 1056 τούλάχιστον
708 980 822 1052 πλάτος,
850 979 874 1036 οἱ
901 975 928 1034 δὲ
950 977 996 1035 καὶ
1041 1002 1082 1045 051
1089 991 1243 1059 uberrima,
1253 989 1437 1064 dequarecf,
1446 992 1590 1045 {litterum
1599 993 1685 1044 Astera
1696 993 1732 1060 11,
1743 991 1803 1062 847,

221 1071 314 1146 τρννῗνν·
329 1067 500 1144 Μεγασθένης
517 1065 559 1142 δὲ,
570 1063 631 1122 ὅταν
650 1055 796 1143 ,infititias
808 1063 852 1121 ml
866 1066 890 1127 it
904 1061 997 1120 ἱκανὸν
1041 1078 1213 1131 Memoratur
1227 1078 1347 1132 lxumatl
1360 1078 1511 1148 llarivanc.
1526 1073 1623 1148 9507,
1648 1076 1752 1150 12829,
1761 1097 1804 1132 ac-

222 1153 386 1232 εὖρύνισθαι,
400 1152 513 1231 βᾶθσςδί
526 1153 608 1212 εἴκοσι
619 1153 728 1230 ὀργυιῶν
738 1149 918 1228 τούλάχιστον.
933 1147 997 1208 ’Eut
1042 1165 1164 1217 curatius
1173 1162 1281 1234 Rtmtj,
1302 1164 1338 1218 11,
1354 1159 1409 1229 68,
1426 1181 1477 1231 17,
1496 1179 1555 1232 quo
1573 1162 1640 1215 loco
1654 1164 1806 1218 nuntiorum

222 1238 250 1298 ii
264 1239 385 1318 συμὸολῇ
399 1237 489 1296 τούτου
503 1241 560 1297 κτλ.
575 1240 645 1296 Vide
659 1241 732 1295 infra
745 1240 780 1297 fr·
796 1239 844 1293 ²6·
1041 1249 1095 1303 iter
1118 1249 1297 1305 describitur.
1330 1249 1444 1316 Nuntii,
1469 1248 1598 1321 Gangem
1626 1251 1806 1323 Histinapura

257 1329 298 1386 cf.
312 1331 415 1386 Plinius
427 1329 483 1400 vl,
496 1346 529 1382 αι
543 1368 552 1394 ,
571 1345 608 1400 9:
626 1329 759 1381 Flumina
775 1327 874 1378 Prt‘nas
887 1335 916 1378 et
926 1324 995 1379 Cui·
1042 1336 1219 1409 mfflgfffli,
1230 1334 1296 1390 inde
1306 1335 1449 1393 interram
1457 1331 1620 1388 Pank'alam
1631 1337 1804 1412 pmeniuurg

219 1433 271 1466 rins
289 1415 382 1487 (meod
400 1419 428 1468 ln
447 1415 572 1488 Gangem
589 1409 699 1490 instuit)
721 1411 803 1468 ambo
820 1411 998 1483 rsus-igabiles.
1042 1431 1071 1474 er
1080 1438 1132 1494 per
1142 1422 1205 1475 loca
1217 1420 1343 1493 quadam
1355 1419 1447 1475 adhuc
1458 1421 1555 1493 ignota
1570 1421 1709 1492 profecti,
1724 1423 1806 1476 Calin

217 1502 321 1555 Gentes
341 1502 472 1576 Calingae
482 1504 607 1574 proximi
624 1506 704 1566 mari,
723 1511 844 1572 etsupra
865 1497 997 1564 Mander',
1043 1506 1107 1561 dam
1120 1507 1219 1562 urbem
1233 1507 1388 1580 attingunt,
1399 1508 1597 1580 &transgressi
1608 1508 1807 1579 lxmatimpff

219 1589 322 1658 Malli,
345 1607 456 1660 quorum
467 1606 543 1642 mons
556 1588 665 1642 Mallus
670 1625 680 1653 ,
684 1586 810 1659 finisque
820 1590 880 1655 ejus
895 1596 999 1637 nactus
1043 1591 1163 1646 mediam
1177 1592 1342 1647 Bthtcamm
1358 1603 1461 1646 tenum
1476 1591 1513 1646 ad
1531 1593 1719 1648 Sudamanem
1734 1613 1805 1648 mon-

214 1687 260 1728 est
269 1675 387 1748 Ganges.
399 1675 476 1728 Hunc
490 1675 543 1728 alii
565 1677 677 1727 incertis
692 1669 822 1742 sontibus
835 1683 866 1725 ut
879 1671 995 1738 Nilum,
1044 1688 1115 1746 tem,
1131 1678 1234 1734 deinde
1252 1678 1289 1732 ad
1302 1678 1434 1751 Viptgam
1453 1675 1637 1752 perminus,
1652 1681 1708 1733 Esst
1719 1681 1806 1734 enfin.
1889 1696 1890 1701 =

215 1765 410 1832 rigantemque
421 1765 512 1814 vicina
531 1760 731 1824 eodemmodo,
751 1761 805 1813 alii
824 1763 852 1811 In
862 1757 999 1829 Scythicis
1042 1760 1142 1817 darum
1163 1776 1274 1838 gentem
1296 1766 1425 1819 novimus
1444 1767 1519 1820 iuter
1544 1765 1638 1819 sontes
1658 1766 1761 1839 Vipagae
1782 1777 1806 1820 et

218 1848 355 1900 enantibus
364 1852 442 1901 nasci
455 1848 594 1901 dixerunt.
610 1847 768 1917 Influerer'n
777 1864 838 1901 eum
851 1847 934 1899 XIX
936 1863 998 1898 am·
1042 1849 1283 1924 Gangishahitaese
1293 1851 1337 1928 (cs.
1347 1855 1459 1908 Lassen.
1469 1851 1607 1906 zeitschr.
1619 1853 1662 1921 11,
1674 1870 1707 1906 ar
1727 1853 1804 1925 seu),

219 1952 268 1986 nes
291 1935 733 2007 Eciisnnvigabilesproeterjam
744 1935 830 1987 dictos
838 1931 999 1988 eonducta-
1042 1945 1136 1990 tameu
1154 1939 1198 1991 cui
1217 1938 1282 1992 urbi
1302 1937 1426 1994 Culindae
1442 1956 1548 1992 nomen
1567 1938 1653 1993 fuerit
1671 1940 1803 1996 nescimus.

220 2035 288 2088 rem,
301 2021 514 2088 Erannoboanr,
533 2023 707 2096 Cosoagum,
726 2022 840 2078 Senum.
861 2023 921 2076 Alii
934 2041 997 2078 cum
1042 2023 1141 2096 Itaque
1154 2025 1238 2078 etiam
1249 2024 1305 2078 hoc
1319 2025 1488 2096 relinquitur
1500 2026 1531 2079 in
1545 2024 1652 2095 dubio,
1664 2026 1738 2098 qnod
1755 2023 1803 2079 flu-

220 2127 322 2181 magao
331 2105 445 2183 fragore
457 2114 542 2181 psius
551 2115 643 2164 statim
647 2107 739 2180 stantis
749 2126 890 2182 erumpere
896 2149 903 2176 ,
920 2109 996 2180 deJe·
1042 2128 1106 2163 men
1119 2112 1239 2166 lxnmati
1256 2112 1412 2184 appelletur
1429 2131 1435 2164 :
1454 2130 1519 2166 nam
1533 2114 1678 2166 lamuuam
1696 2111 1724 2166 id
1741 2131 1803 2178 esse,

218 2199 343 2269 cumque
360 2215 413 2268 per
431 2199 575 2270 scopulosa
595 2208 624 2252 et
646 2197 777 2270 abrupta,
806 2197 852 2250 ubi
874 2200 997 2268 primum
1042 2197 1089 2250 vix
1098 2197 1189 2251 audeo
1198 2197 1376 2255 contendere.
1387 2199 1541 2252 lnnomine
1549 2217 1642 2272 graeco
1651 2200 1744 2253 littere
1754 2197 1802 2254 l'et

220 2285 317 2339 molles
320 2284 456 2356 planities
469 2289 627 2356 contingat,
641 2289 670 2337 in
677 2285 796 2358 quodam
815 2284 877 2336 lacu
895 2281 996 2356 hospi·
1043 2281 1216 2339 Tridentur
1229 2303 1285 2340 esse
1299 2295 1480 2358 permutatae,
1499 2285 1538 2339 ita
1560 2297 1594 2339 ut
1613 2285 1756 2359 legendum
1774 2287 1804 2338 sit

219 2376 283 2438 tari,
300 2371 364 2424 inde
373 2371 462 2424 lenem
471 2370 574 2440 fluere,
594 2373 639 2425 ubi
655 2375 814 2436 minimum,
833 2371 914 2424 VIII
925 2373 996 2428 mili.
1043 2363 1194 2442 Ὀξύματις.
1211 2402 1249 2412 -
1261 2372 1376 2439 Cetera,
1391 2390 1453 2444 quae
1468 2371 1504 2426 de
1515 2373 1679 2427 nominibus
1692 2373 1741 2426 illis
1752 2373 1801 2425 vt.

215 2476 347 2533 passuum
360 2459 517 2525 latitudine,
539 2459 585 2512 ubi
595 2458 742 2524 modicum,
759 2457 913 2510 studiorum
930 2475 997 2510 cen·
1042 2457 1106 2512 DD.
1120 2455 1267 2524 dixerunt,
1282 2476 1342 2511 nou
1357 2457 1496 2512 excedunt
1515 2461 1684 2531 opinionum
1694 2459 1803 2514 auctori·

221 2558 292 2614 nerii,
306 2543 451 2600 altitudine
464 2563 596 2618 nusquam
611 2549 716 2599 minore
727 2561 857 2618 passuum
870 2544 940 2598 XX.
951 2543 994 2602 Cf.
1043 2551 1137 2598 tatem.
1151 2544 1265 2597 luauem
1275 2553 1302 2598 et
1314 2554 1472 2598 memoratu
1484 2563 1543 2598 non
1558 2545 1802 2619 dignamaliamsu·

219 2633 309 2690 Soliu.
321 2628 375 2703 ὃν,
391 2633 419 2684 6.
1042 2645 1095 2699 per
1109 2629 1190 2683 aliam
1204 2629 1394 2701 conjecturam
1412 2631 1533 2702 protulit
1548 2632 1716 2706 Forbigerus
1732 2633 1802 2704 (Alte

260 2721 302 2772 Ex
315 2716 477 2772 fluminibus
487 2716 679 2790 undeviginti,
692 2733 763 2788 quos
776 2717 807 2769 in
819 2717 945 2788 Gangem
960 2718 999 2770 in·
1045 2713 1219 2787 Geograplrie
1230 2717 1270 2786 11,
1286 2715 1357 2781 1844
1368 2714 1390 2790 ).
1405 2717 1584 2771 Andomatr'm
1600 2713 1801 2794 (Ἀνδώματιςὲκ

220 2803 307 2859 iluere
313 2805 417 2858 Plinius
431 2804 517 2875 dicit,
534 2805 667 2858 Arrianus
678 2805 698 2858 l.
712 2805 729 2858 l.
737 2815 862 2858 recenset
876 2814 998 2876 septem·
1043 2801 1239 2878 Μανδιαδινῶν)
1254 2804 1398 2858 Lassenius
1412 2806 1522 2878 egregie
1533 2807 1681 2878 explicavit
1691 2824 1725 2859 ex
1736 2815 1801 2858 terra

220 2890 321 2947 decim.
344 2891 452 2960 Quibus
462 2890 703 2954 duodevicesimus
717 2889 784 2944 addi
792 2900 884 2962 potest
891 2909 924 2944 ex
943 2897 998 2946 Ar-
1042 2889 1238 2959 mucd'andiaa
1248 2889 1265 2945 i.
1274 2907 1299 2946 e.
1310 2889 1486 2945 meridionali
1494 2889 1646 2963 profluere,
1654 2892 1801 2948 essanscrire

197 3015 203 3023 -
221 2978 301 3030 riano
316 2974 348 3046 8,
365 2974 381 3030 ὅ
396 2973 537 3052 'ludiim
546 2977 590 3030 vel
601 2977 641 3030 uti
654 2979 757 3031 rectius
771 2975 846 3050 apud
858 2977 927 3032 Plin.
944 2979 996 3048 VI,
1042 2977 1199 3049 nuncupari
1215 2977 1375 3030 and'amatl
1389 2975 1424 3051 (i.
1440 2996 1467 3034 e.
1482 2997 1573 3034 metas
1582 2980 1607 3054 l,
1620 2978 1718 3034 deinde
1736 2977 1800 3031 idem

223 3081 276 3132 aa,
291 3063 308 3117 6
323 3064 424 3137 legitur
440 3082 447 3117 ι
459 3063 602 3118 Iomanes.
1042 3061 1147 3118 flumen
1158 3062 1344 3118 And‘amatim
1354 3083 1411 3119 ease
1421 3074 1506 3137 atque
1516 3067 1660 3122 Tamasam
1669 3065 1703 3142 (i.
1715 3083 1738 3119 e.
1750 3065 1801 3117 obs·
1889 3070 1890 3121 l

260 3149 301 3205 De
310 3149 482 3222 singulorum
492 3149 639 3201 nominum
647 3147 755 3201 ratione
763 3148 998 3203 Sclrwaubecliua
1042 3149 1134 3225 cunas)
1149 3149 1270 3222 conjecit
1280 3151 1385 3209 iuIad.
1400 3152 1633 3223 Aturu.1‚130.
1649 3155 1799 3210 Cossoununr

220 3253 249 3306 p.
266 3233 300 3299 31,
317 3233 400 3289 docet
408 3236 466 3288 hac
479 3253 486 3288 ι
499 3258 510 3281 ι
522 3235 674 3288 Nominum
685 3233 839 3288 multorum
848 3235 998 3307 explicatio
1040 3256 1064 3295 s.
1079 3239 1231 3312 Coroagum
1244 3256 1301 3294 esse
1312 3239 1450 3310 Caupr'sr'm
1460 3279 1467 3308 ,
1478 3249 1519 3294 est
1528 3240 1687 3312 conjectura
1699 3237 1799 3292 Wilior-

222 3329 264 3374 est
278 3318 457 3390 difficillima,
472 3337 629 3393 paucorum
647 3319 738 3374 adhuc
757 3321 895 3376 successit.
918 3319 997 3378 Post·
1043 3322 1082 3378 dii
1097 3323 1162 3398 (As.
1176 3327 1240 3380 Iles.
1253 3329 1288 3394 V,
1305 3323 1377 3396 σγα)
1391 3335 1418 3380 et
1431 3323 1582 3400 Schlegelii
1595 3326 1605 3402 (
1613 3328 1671 3383 Ind.
1681 3323 1797 3380 Biblioth.

222 3423 306 3478 quam
320 3407 500 3474 Renncllius,
519 3407 695 3473 Mamertus,
715 3404 882 3460 Wiliordius
899 3407 929 3460 in
945 3407 998 3462 hac
1044 3411 1089 3478 11,
1105 3408 1198 3486 loa.)
1222 3413 1289 3466 Non
1304 3411 1393 3466 modo
1409 3413 1541 3485 propius,
1562 3413 1613 3468 sed
1634 3414 1712 3468 etiam
1732 3428 1799 3465 accu-
1889 3436 1890 3447 ν

222 3510 252 3546 re
272 3491 436 3564 explicanda
457 3492 622 3546 iudustriam
639 3502 807 3563 posueruut,
827 3493 930 3547 iterum
944 3493 999 3548 fuit
1041 3498 1176 3552 ratissimo
1199 3499 1309 3552 nomini
1332 3499 1471 3572 Cosoagns
1495 3499 1676 3573 responderet
1696 3496 1798 3553 sanseri-

222 3579 371 3652 Schlegclii
397 3588 425 3633 et
446 3579 584 3646 Lassenii,
612 3579 742 3646 nomina,
768 3589 902 3650 quantum
928 3577 997 3649 fieri,
1043 3594 1102 3638 tum
1120 3583 1270 3640 cds'aadha
1292 3587 1312 3639 i.
1337 3604 1361 3641 e.
1385 3583 1591 3662 θησαυρσρόρος,
1611 3585 1686 3659 quod
1707 3598 1798 3638 nomen

220 3665 741 3738 potuit,illustrare.ltaconstantl1aec
751 3668 883 3721 nomina:
898 3665 997 3735 Σῶνος,
1043 3669 1118 3724 ἱᾶσιν
1139 3669 1307 3745 significaret
1333 3681 1416 3746 atque
1439 3672 1646 3744 hiran'javaha,
1673 3671 1797 3744 eonaeque

219 3769 322 3811 sauses.
342 3751 442 3822 Cdna,·
463 3748 654 3828 Ἐραννοὸόας,
677 3754 764 3807 Hiran
780 3752 889 3824 jamia
912 3754 949 3828 (i.
970 3772 996 3810 e.
1043 3774 1202 3830 cognomen
1214 3777 1274 3813 non
1291 3759 1382 3814 minus
1398 3768 1495 3831 aptum
1508 3769 1590 3817 meet.
1611 3761 1697 3830 Quam
1714 3751 1796 3821 conje-

220 3837 393 3916 χρυσοφόρος,
407 3839 540 3913 auriler),
563 3840 647 3912 Cdnae
664 3853 839 3914 cognomen3
862 3837 998 3916 Κονδσγά-
1043 3854 1151 3898 cturam
1161 3846 1435 3900 nominiscollocatio
1448 3845 1608 3915 confirmat,
1620 3855 1795 3918 quumvocem

222 3945 289 3999 snt,
306 3927 499 3980 Gandacavan'
510 3927 548 3998 (i.
563 3945 589 3983 e.
607 3923 788 4004 ρινοκερόεις),
802 3928 887 3982 altera
907 3927 999 3982 torma
1043 3932 1183 4005 Cosoagus
1211 3943 1239 3986 et
1269 3933 1404 3988 Arrianus
1423 3944 1452 3988 et
1474 3929 1584 3988 Plinius
1601 3933 1672 3986 inter
1697 3925 1795 3982 nemim

220 4011 342 4065 norninis
354 4012 493 4081 Gandaci;
511 4014 655 4081 Iomanes,
673 4011 998 4087 Inmunddioppsrcicne,
1044 4017 1131 4082 Σῶνος
1145 4030 1173 4074 et
1187 4016 1359 4095 Ἐρσννσόόας
1380 4021 1592 4077 collocaverint,
1611 4019 1699 4074 Minas
1715 4022 1795 4068 autem

223 4097 399 4170 Carmandc'd
408 4117 442 4154 ex
451 4101 586 4154 sententia
595 4103 733 4156 llcnnellii
743 4112 772 4156 et
782 4102 901 4156 Lassenii
912 4100 995 4174 (Ind.
1043 4121 1143 4161 eoram
1151 4109 1287 4162 sententia
1300 4118 1393 4179 potest
1405 4108 1536 4180 probari,
1551 4109 1602 4180 qui
1617 4103 1724 4159 nomine
1734 4099 1793 4154 Cui·

222 4185 480 4242 Altertlrumskunde
496 4188 525 4255 l,
545 4186 630 4260 130).
649 4187 705 4243 Sed
721 4187 925 4243 dubitationem
951 4188 999 4243 dat
1042 4210 1095 4246 nas
1113 4192 1217 4248 Cenum
1242 4191 1560 4267 significativoluernnt.
1579 4194 1699 4250 Primam
1716 4186 1795 4246 enim·

221 4271 251 4326 id
267 4272 346 4343 quod
357 4273 471 4328 additur
483 4269 563 4347 μέγας
573 4270 696 4345 ποταμός.
712 4305 752 4315 --
765 4275 900 4330 Praeterea
910 4276 998 4346 expli·
1043 4281 1149 4335 tametsi
1159 4281 1250 4334 littera
1258 4281 1389 4334 sanserita
1396 4278 1525 4352 e¹ubique
1535 4281 1665 4350 litteren,
1674 4286 1795 4344 nusquam

222 4375 285 4412 care
296 4377 421 4431 possum,
432 4361 611 4432 quouomine
622 4360 657 4414 ab
667 4359 744 4414 ludis
754 4361 909 4432 appelletur
921 4355 997 4426 ’ott-
1043 4367 1141 4421 litteris
1154 4371 1183 4420 ut
1201 4383 1289 4439 graece
1309 4365 1439 4420 redditur
1451 4365 1504 4440 (ci.
1520 4366 1595 4440 apud
1609 4361 1796 4437 Megasthenes

223 4465 317 4518 μαγις,
340 4444 383 4501 ἐπὶ
409 4445 545 4513 Παζάλανς
568 4445 748 4521 καλουμένοισι
773 4444 928 4520 ξυμὸἄλλων
961 4449 998 4526 τῷ
1043 4453 1134 4524 ipsum
1147 4469 1230 4506 voces
1244 4447 1374 4526 Μηρόςσῑ
1387 4453 1483 4521 Mera,
1503 4452 1664 4529 Σουρασῆνσι
1680 4443 1794 4514 σῑζίνῢ·

224 4527 325 4606 Γάγγῃ.
346 4531 459 4586 Iamdiu
477 4535 551 4588 enim
571 4544 680 4587 constat
702 4535 775 4588 iuter
798 4552 909 4603 omnes,
936 4553 997 4590 eam
1042 4535 1139 4614 sena),
1156 4547 1249 4592 tamen
1265 4537 1401 4591 Arrianus
1416 4530 1795 4592 ctPliniusunooreCuinas

222 4627 351 4688 gentem,
377 4636 462 4689 quam
485 4617 671 4692 Megasthenes
692 4620 839 4693 appellavit
861 4619 998 4693 Πνζᾶλαν,
1042 4625 1348 4697 nomenpronuntiant,
1359 4623 1539 4679 deindeCdna
1550 4625 1732 4688 inlamnnam,
1743 4628 1794 4664 ¹1⁰¹

222 4703 326 4756 Plinius
340 4705 421 4760 H.N.
435 4705 483 4774 vl,
499 4711 573 4778 aul,
587 4707 730 4773 Passalae,
749 4707 913 4763 Ptolemaeus
927 4709 999 4766 llae-
1043 4713 1072 4764 in
1093 4712 1217 4785 Gangem
1238 4709 1347 4777 influit,
1376 4721 1519 4782 postremo
1541 4707 1623 4765 Plinii
1644 4699 1792 4772 descripli⁰=

124 4843 127 4850 ,
221 4787 316 4858 aulus,
328 4791 459 4845 sanserite
468 4801 658 4864 nuncupatam
669 4809 725 4846 csse
741 4790 894 4862 Pani'dla,
906 4805 934 4849 et
944 4797 998 4850 ha·
1018 4773 1023 4851 l
1043 4797 1108 4851 licet
1120 4796 1157 4851 de
1170 4797 1263 4850 maltis
1276 4795 1361 4852 rebus
1378 4797 1414 4851 sit
1433 4797 1568 4872 obscura,
1581 4790 1746 4850 hauddubie
1760 4781 1791 4837 ad

1082 4893 1786 4922 M

254 4963 493 5020 ouraanmmmn
505 4965 998 5031 munnulummomnusuannm
1043 4975 1093 5034 at,
1106 4973 1296 5023 vernarum
1307 4974 1382 5024 uasa
1390 4975 1630 5038 arianismum
1642 4961 1790 5027 ναοννννν·

221 5041 317 5102 diunnt,
335 5043 432 5105 quddam
450 5043 538 5106 trium3
556 5046 718 5108 Megasthenes
726 5059 798 5108 eum,
817 5047 857 5098 olai
873 5047 999 5098 mediocris
1042 5048 1142 5114 disum
1155 5063 1205 5100 esse
1217 5051 1300 5114 rigimi
1311 5052 1431 5102 ulnarum.
