3834 5767
724 383 899 445 virinum
922 351 1169 448 erroneum.

124 513 184 594 ρίας
197 515 242 572 καί
260 517 307 584 τῆς
323 513 439 590 ὁμιλίας,
459 512 503 572 καί
521 515 580 590 περὶ
594 515 645 570 τῶν
659 512 835 591 θεωρημάτων
854 513 899 571 καί

121 605 174 658 τῶν
189 601 374 679 ἀκροαμάτων,
389 599 621 676 εὐδαιμονέστατον
636 598 684 678 ἔφη
695 607 780 678 κρῖναι
792 603 843 657 τῶν
854 605 898 658 νῦν

121 689 166 746 τόν
186 691 238 744 τῶν
251 691 363 767 Περσῶν
381 686 505 767 βασιλέα·
518 715 530 737 ιι
546 687 667 744 πλεῖσται
684 688 734 763 γάρ
752 689 814 744 εἰσιν
829 687 900 764 αὐτῷ

121 775 168 832 καί
179 775 340 832 τελειόταται
351 773 596 853 παρεσκευασμέναι
605 774 707 843 ἡδοναί.
719 773 844 852 Δεύτερον
857 773 898 845 δὲ,

121 861 204 942 φησὶ,
218 861 262 920 τὸν
274 861 398 940 ἡμέτερον
414 859 537 938 τύραννον
552 861 607 930 θείη
618 883 657 924 τις
670 859 710 932 διν,
723 860 818 940 καίπερ
833 859 899 918 πολθ

120 950 287 1024 λειπόμενον.
332 945 445 1027 Ἐκείνῳ
453 945 500 1020 μὲν
511 945 561 1026 γὰρ
571 945 589 1018 ἥ
601 969 630 1023 γε
641 945 713 1005 Ἀσία
725 947 773 1017 δλη
783 953 898 1026 χορηγεῖ,

121 1035 151 1093 τὸ
165 1035 194 1094 δὲ
209 1033 345 1096 Διονυσίου
358 1035 496 1114 χορηγεῖον
513 1035 645 1098 παντελῶς
657 1031 688 1090 διν
703 1031 803 1098 εὐτελές
812 1055 837 1090 τι
848 1055 897 1112 ρα-

121 1122 177 1192 νείη
196 1121 261 1202 πρός
272 1123 360 1179 ἐκεῖνο
376 1119 584 1200 συγκρινόμενον.
625 1113 689 1178 Ὀτι
710 1118 758 1195 μὲν
770 1110 813 1177 οῦν
830 1141 899 1198 περι·

121 1210 241 1289 μα’χητός
254 1211 322 1266 ἐστιν
338 1213 351 1266 θ
364 1212 477 1274 τοιοῦτος
491 1207 558 1286 βίος,
571 1205 680 1286 φανερὸν
696 1209 786 1264 ἐκτῶν
802 1205 898 1282 suplic-

120 1297 253 1369 6rpuirunr.
295 1294 394 1374 Σύρους
405 1294 451 1371 μὲν
466 1294 515 1374 γάρ
531 1289 697 1368 Μῆδοίμετδι
707 1296 758 1352 τῶν
771 1293 898 1371 μεγίστων

120 1383 245 1443 κινδύνων
254 1381 392 1463 ἀφείλαντο
399 1380 446 1451 τὴν
457 1381 591 1459 βασιλείαν
598 1383 644 1440 οὒκ
653 1382 732 1438 ἄλλου
740 1381 806 1447 τινὸς
812 1381 897 1452 ἕνεκα,

120 1473 138 1542 ἢ
148 1477 195 1530 τοῦ
204 1475 341 1549 κυριεῦσαι
349 1473 395 1538 τῆς
407 1467 498 1548 Σύρων
507 1467 633 1536 ἐξουσίας·
644 1468 752 1540 Μήδους
762 1467 789 1525 δὲ
798 1467 898 1546 Πέρσαι

120 1555 163 1614 διδ
175 1555 224 1628 τὴν
236 1555 317 1624 αὐτὴν
334 1553 433 1612 αἰτίαν·
447 1553 512 1624 αῦτη
530 1554 552 1610 δ’
564 1553 633 1612 ἐστίν
647 1557 724 1624 ἡτῶν
742 1557 897 1630 σωματικῶν

120 1645 220 1712 ἡδονῶν
240 1641 393 1707 ἀπόλαυσις.
435 1643 471 1700 Oi
487 1639 514 1698 δὲ
531 1640 680 1716 νομοθέται,
694 1640 825 1717 ὁμαλίζειν
839 1646 897 1719 βου·

119 1728 240 1798 ληθέντες
252 1729 282 1786 rh
292 1732 343 1786 τῶν
357 1725 499 1806 ἀνθρώπων
506 1726 643 1804 γε’νος,καί
654 1725 753 1805 μηδένα
765 1731 815 1786 τῶν
826 1731 897 1786 πολι·

118 1821 171 1873 τῶν
182 1825 294 1895 τρυφᾶν,
311 1815 442 1895 ἀνακύψαι
456 1815 617 1885 πεποιήκασι
633 1815 664 1872 ri
677 1820 728 1874 τῶν
743 1818 842 1895 ἀρετῶν
861 1807 896 1874 εἶ·

122 1903 180 1968 δος·
191 1901 237 1960 καί
250 1902 367 1981 ἔγραψαν
380 1903 473 1980 νόμους
485 1900 546 1980 περὶ
556 1902 780 1980 συναλλαγμάτων
792 1902 897 1960 καὶτῶν

120 1989 207 2045 ἄλλων
222 1989 271 2046 ὅσα
284 1989 367 2047 ἐδόκει
378 1988 442 2068 πρὸς
453 1987 500 2058 τὴν
518 1985 652 2059 πολιτικὴν
669 1989 802 2048 κοινωνίαν
818 1995 897 2066 εἰναγ·

119 2079 183 2132 καῖα
202 2065 287 2152 εἶναι,
309 2074 353 2132 καί
371 2073 402 2144 δὴ
423 2074 468 2132 καί
486 2075 545 2152 περί
563 2077 667 2146 ἐσθῆτος
682 2076 726 2134 καί
747 2079 793 2146 τῆς
807 2079 897 2148 λοιπῆς

119 2162 237 2234 διαίτης,
258 2154 357 2240 incur]
376 2161 484 2235 ὁμαλής.
529 2160 716 2238 Πολεμούντων
736 2154 779 2220 οῦν
793 2165 843 2220 τῶν
855 2185 895 2220 νο·

119 2251 235 2318 μοθετῶν
253 2251 292 2328 τῷ
307 2251 353 2320 τῆς
369 2247 514 2316 πλεονεξίας
534 2247 615 2322 γε’νει,
629 2253 731 2329 πρῶτον
751 2246 797 2325 μὲν
811 2253 825 2306 θ
839 2247 897 2322 περί

119 2335 165 2406 τὴν
185 2333 352 2402 δικαιοσύνην
378 2333 480 2402 ἔπαινος
502 2335 614 2407 ηὐξήθη,
638 2337 683 2392 καί
708 2337 758 2393 πού
784 2359 821 2402 τις
851 2337 895 2394 καί

118 2421 228 2494 ποιητὴς
242 2421 394 2502 ἒρθίγξατο·
600 2419 607 2430 ’

180 2549 337 2606 Δίκαιοσύνας
346 2551 374 2599 τὸ
385 2551 483 2614 χρύσεον
492 2551 630 2613 πρόσωπον·

117 2655 163 2712 καί
174 2653 273 2712 πάλιν·

177 2775 324 2838 Τθχριίσεον
334 2775 400 2836 ὄμμα
409 2775 436 2823 τὸ
444 2779 485 2830 τᾶς
494 2774 574 2830 Δίκας.

117 2885 264 2957 {tumber
286 2885 315 2944 δι
340 2885 386 2944 καί
410 2885 472 2943 αὐτὸ
492 2885 521 2942 τὸ
545 2889 591 2956 τῆς
612 2885 693 2956 Δίκης
713 2886 808 2960 ὄνομα·
828 2887 895 2946 ὥστε

115 2975 179 3050 παρ’
190 2971 266 3035 ἐνίοις
275 2972 321 3030 καί
333 2969 436 3050 βωμούς
447 2971 492 3030 καί
503 2971 591 3037 θυσίας
600 2971 714 3048 γίνεσθαι
729 2973 806 3052 Δίκῃ.
819 2975 895 3034 Μετά

115 3059 215 3130 ταύτην
227 3057 255 3116 δὲ
266 3059 311 3116 καλ
324 3058 490 3140 σωφροσύνην
502 3059 547 3118 καλ
556 3058 707 3137 ἐγκράτειαν
720 3060 896 3138 ἐπεισεκώμα-

117 3171 176 3222 ταν,
201 3145 248 3204 καί
272 3146 423 3213 πλεονεξίαν
444 3147 570 3204 ἐκάλεσαν
597 3145 644 3216 τὴν
669 3148 695 3204 ἐν
719 3147 894 3207 ἀπολαύσεσιν

117 3235 265 3313 οπεροχήν·
278 3231 345 3290 ὥστε
361 3233 406 3290 καὶ
421 3231 464 3290 τὸν
478 3239 669 3312 πειθαρχοῦντα
683 3234 735 3300 τοῖς
748 3234 836 3311 νόμοις
849 3236 894 3294 καλ

117 3325 150 3396 τῇ
166 3323 219 3378 τῶν
236 3321 343 3378 πολλῶν
358 3320 431 3400 ρκ’,μῃ
448 3321 592 3399 μετριάζειν
606 3321 664 3400 περὶ
681 3320 728 3386 τάς
744 3322 895 3400 σωματικὰς

115 3405 218 3476 ἡδονάς.
233 3434 245 3458 ¹·

115 3574 307 3636 plurimresintin
316 3575 428 3636 promptu
436 3573 803 3638 etexquisitissimrevoluptates.
810 3575 845 3624 Ab
853 3575 894 3623 illo

115 3667 173 3700 rero
180 3653 682 3714 meandummitnostrumtyrannumnou
690 3653 808 3702 immerito
816 3653 894 3716 quiris

111 3728 276 3790 judicaverit,
294 3741 444 3791 quumquum
462 3729 530 3790 longe
543 3729 687 3778 interiorem.
700 3730 737 3778 illi
746 3743 850 3792 nemque
863 3729 893 3779 ub

113 3805 171 3854 Asis
179 3807 231 3853 tota
240 3804 424 3867 suppeditantur
430 3819 485 3867 qute
492 3819 553 3868 opus
559 3808 615 3854 sunt
624 3825 630 3854 ι
639 3805 705 3866 quod
714 3809 796 3854 autern
805 3805 891 3867 Diony·

112 3883 149 3930 sio
157 3883 271 3946 suppetit,
280 3883 298 3931 si
306 3895 363 3940 cum
371 3881 412 3931 illo
418 3886 578 3946 comparetur,
587 3884 699 3946 exiguum
707 3883 789 3933 τοιίιο
796 3897 893 3946 prorsus

113 3961 221 4009 εἱειειοτ.
233 3959 303 4008 illam
316 3973 371 4021 ergo
382 3961 456 4008 ritum
469 3961 575 4022 inprimis
591 3973 641 4010 esse
652 3961 799 4022 optabilem,
818 3961 891 4024 liquet

113 4053 143 4086 εκ
156 4037 185 4086 iis
195 4051 252 4102 qure
261 4037 409 4086 ecciderunt.
423 4039 516 4088 Etenim
527 4040 593 4101 Syris
603 4040 709 4088 maximo
719 4053 774 4088 cum
788 4039 893 4102 periculo

112 4114 177 4163 neor
191 4115 289 4176 reqbum
299 4113 450 4177 ademerunt,
459 4129 507 4163 nou
520 4115 606 4165 eliade
620 4128 720 4176 caussa,
729 4115 892 4176 qrranrulillo·

113 4205 169 4238 rum
184 4191 272 4252 opibus
282 4193 306 4239 et
319 4191 420 4240 fortunis
437 4191 578 4253 potirentur.
601 4195 678 4241 Persae
697 4191 773 4240 Medis
791 4203 890 4252 reguum

111 4267 252 4330 eripnenrut
264 4265 348 4315 eodem
363 4266 433 4328 plane
442 4267 555 4328 consilio;
569 4281 654 4329 nempe
666 4270 692 4316 ut
704 4269 811 4328 corporis
825 4269 890 4315 rolu-

111 4343 220 4404 putens
229 4342 372 4392 fruerentur.
382 4345 412 4391 At
423 4342 566 4404 legislatores
575 4357 649 4405 qurrm
657 4343 793 4392 mortalium
803 4345 891 4392 sortem

110 4433 210 4482 aequare
221 4419 328 4482 vellent,
341 4421 365 4468 et
374 4417 443 4467 luxui
456 4421 550 4468 nullum
560 4421 675 4470 eciribus
684 4419 821 4482 indulgere,
831 4420 890 4469 elie-

110 4499 199 4548 rerunt
209 4501 238 4546 ut
249 4497 348 4546 virtutis
360 4498 450 4560 species
463 4502 609 4560 emergeret,
625 4497 735 4561 legesque
751 4499 890 4560 promous-

110 4579 168 4626 runt
178 4576 208 4626 de
222 4577 294 4626 rebus
303 4575 485 4639 contrahendis,
496 4581 520 4625 et
532 4577 584 4626 aliis
595 4589 745 4638 quecunque
756 4576 786 4625 ed
796 4575 890 4626 civilem

109 4653 250 4703 societatem
262 4654 395 4702 οεοεεεετιε
405 4656 462 4703 suut
477 4653 600 4711 arbitrati,
613 4653 745 4714 quinetiam
759 4653 791 4702 de
802 4653 889 4702 uestitu

109 4735 133 4782 u
143 4731 238 4796 reliquo
246 4735 300 4781 ιοιο
310 4733 391 4792 rictu,
403 4736 430 4780 ut
438 4735 499 4782 esset
509 4733 571 4780 inter
579 4745 663 4780 omnes
670 4731 800 4794 equabilis.
809 4734 890 4790 Quum

107 4811 184 4870 ipr'tur
196 4809 312 4857 adsumus
325 4807 490 4867 impotentiam
500 4809 623 4857 bominum
632 4809 673 4870 qui
683 4821 725 4870 per
734 4809 784 4856 rim
791 4812 816 4857 et
826 4809 890 4857 treu-

106 4888 151 4936 cies
163 4885 318 4948 pluraquam
328 4883 367 4932 alii
384 4887 470 4945 prester
482 4885 520 4946 jus
529 4885 649 4947 positure
659 4885 810 4944 obnituntur,
820 4886 889 4946 legis·

107 4964 198 5011 tutores
208 4962 301 5010 beilum
314 4961 437 5022 gererent,
451 4961 554 5022 primum
571 4961 666 5022 quidem
679 4961 779 5022 justittrc
788 4961 842 5009 laus
854 4964 889 5011 est

1313 521 1355 576 162

1143 641 1246 716 [uror
1272 635 1524 718 eeuoonort

985 764 1101 817 Luciau.
1120 764 1253 835 Longaev.
1271 783 1297 818 c.
1312 763 1358 837 ιθ,
1374 784 1404 836 p.
1421 765 1478 829 oro
1493 765 1538 820 ed.
1553 767 1619 820 Did.
1640 785 1647 819 ε
1666 767 1720 822 Ξε-

944 846 1046 925 νόριλος
1060 849 1074 903 ὁ
1086 847 1223 923 μουσικὸς,
1238 848 1273 914 ὥς
1284 871 1362 928 φησιν
1377 849 1560 928 Ἀριστόξενος,
1580 851 1720 930 προσσχὼν

944 937 977 1009 τῇ
1002 932 1153 1012 Πυθαγόρου
1174 935 1311 1013 φιλοσοφία
1334 935 1400 1013 ὑπὲρ
1419 934 1451 992 rh
1471 935 1547 992 πέντε
1562 937 1605 994 καί
1628 938 1720 994 ίκατίιν

945 1018 991 1089 ἔτη
1006 1019 1128 1090 Ἀθήνησι
1144 1021 1246 1080 ἒῦίωσε.

984 1111 1109 1164 Valerius
1130 1113 1205 1166 Max.
1227 1114 1313 1184 Vllt,
1341 1113 1391 1181 ιδ,
1419 1113 1434 1164 3
1459 1133 1466 1165 ι
1491 1115 1609 1166 Biennio
1632 1121 1722 1192 rninor·

946 1195 954 1270 (
975 1197 1079 1271 Gorgia
1116 1199 1287 1273 Leontino)
1315 1200 1491 1272 Xenophilus
1526 1200 1717 1254 Chalcidensis

945 1283 1152 1356 Pythagoricus,
1162 1285 1213 1338 sed
1212 1282 1357 1354 felicitate
1363 1304 1419 1340 non
1428 1287 1551 1355 infer-ior.
1562 1288 1717 1359 Siquidem,

944 1381 976 1422 ut
985 1371 1165 1424 Aristoxenus
1178 1376 1293 1425 musicus
1305 1379 1361 1437 ait,
1380 1378 1468 1427 onrnis
1481 1372 1601 1427 humani
1613 1380 1719 1429 income

944 1457 1018 1509 rrrodi
1036 1473 1136 1530 expers
1158 1462 1186 1510 in
1207 1477 1313 1512 surrrnro
1336 1456 1550 1531 perfectissimae
1573 1462 1719 1532 splendore

943 1543 1079 1597 doctrines
1092 1549 1241 1598 exstinctus
1254 1557 1304 1602 est.
1314 1545 1355 1601 Cf.
1364 1547 1469 1600 Plinius
1482 1548 1519 1600 Η.
1534 1548 1568 1602 N.
1579 1549 1647 1618 Vll,
1660 1545 1716 1602 50:

943 1629 1134 1704 Xenophilnm
1161 1636 1293 1686 musicum
1317 1644 1424 1686 centurn
1445 1644 1474 1685 ct
1494 1637 1613 1704 quinque
1636 1640 1719 1685 annis

944 1721 1045 1770 uixisse
1054 1722 1116 1770 sine
1129 1717 1186 1771 ullo
1196 1725 1316 1790 corporis
1326 1720 1504 1772 incorrnnndo.
1523 1751 1554 1760 -
1564 1719 1719 1790 Xenophili

942 1804 1029 1858 vitum
1043 1804 1235 1876 conscripsisse
1250 1805 1446 1858 Aristoxenum
1468 1805 1652 1876 probabiliter
1665 1817 1719 1860 stu·

945 1892 999 1945 tuit
1011 1891 1130 1945 Jonsius,

983 1978 1033 2031 His
1051 1977 1169 2048 subjicio
1186 1996 1248 2050 (μιαν
1265 1996 1311 2051 ap.
1332 1978 1474 2032 Stobaeuru
1495 1991 1523 2032 et
1542 1981 1718 2033 Duruuscirun

943 2065 1099 2120 asseruntur
1116 2065 1146 2120 ἐκ
1159 2064 1210 2119 τῶν
1223 2059 1395 2138 Ἀριστοξένου
1409 2065 1595 2140 Πυθαγορικῶν
1612 2064 1718 2140 ἀποροί-

943 2169 1022 2207 οεων.
1041 2153 1109 2221 Quae
1122 2169 1190 2204 num
1208 2151 1351 2222 peculiare
1367 2169 1438 2223 opus
1452 2153 1659 2218 constituerint,
1682 2171 1718 2206 on

942 2239 1010 2292 Vitis
1029 2239 1276 2311 Pythagoricorum
1294 2237 1398 2308 junctae
1416 2248 1443 2290 et
1466 2238 1577 2292 intextre
1600 2238 1716 2308 inerint,

942 2343 999 2378 non
1010 2326 1074 2378 sutis
1086 2325 1182 2396 liquet.
1202 2322 1277 2379 Illud
1294 2342 1351 2378 esse
1370 2325 1463 2377 verius
1478 2324 1590 2378 videtur
1602 2325 1716 2378 hlahnio

942 2410 1102 2481 conjicienti
1131 2410 1168 2464 ud
1189 2413 1348 2465 Aristoxeni
1371 2429 1442 2482 opus
1455 2412 1592 2483 respicere
1605 2411 1717 2465 Iambli-

942 2499 1026 2551 clrum
1039 2500 1073 2553 V.
1090 2499 1120 2551 P.
1136 2498 1153 2571 §
1170 2515 1239 2565 101,
1251 2494 1347 2552 ubiair
1363 2517 1369 2550 :
1389 2493 1566 2572 Παραδίδοται
1577 2495 1604 2553 δὲ
1615 2494 1659 2552 καὶ
1674 2493 1718 2552 ἀλ·

941 2585 991 2646 λος.
1002 2581 1095 2660 τρόπος
1105 2579 1264 2646 παιδεύσεως
1277 2579 1319 2638 διὰ
1336 2586 1387 2638 τῶν
1408 2584 1593 2660 Πυθαγορικῶν
1611 2581 1715 2659 ἀποροί-

942 2691 1017 2728 σεοιν.
1028 2673 1091 2742 Quo
1104 2689 1137 2725 ex
1152 2671 1217 2724 loco
1230 2689 1303 2743 nego
1314 2672 1407 2744 colligi
1420 2671 1576 2744 quidquam
1585 2689 1677 2746 posse.

1308 2825 1353 2876 ιγ.

1069 2930 1331 2990 ΠΥΘΑΓΟΡΙΚΑΙ
1354 2929 1587 2986 ΑΙΙΠΦΑΣΕΙΣ.

980 3063 1107 3118 Stobaeus
1126 3064 1260 3136 Florileg.
1278 3064 1321 3130 X,
1336 3063 1372 3130 67
1394 3081 1400 3115 :
1416 3059 1465 3118 Ἐκ
1478 3062 1529 3114 τῶν
1544 3057 1717 3135 Ἀριστοξένου

942 3149 1129 3225 Πυθαγορικῶν
1137 3146 1303 3223 ἀποφάσεων.
1314 3180 1350 3189 -
1357 3145 1423 3222 Περὶ
1429 3146 1455 3202 δὲ
1462 3146 1598 3214 ἐπιθυμίας
1603 3144 1659 3202 τάδ’
1665 3144 1717 3202 ἔλε-

941 3256 1003 3310 γεν·
1017 3224 1094 3292 Εἶναι
1105 3232 1136 3290 τὸ
1151 3233 1232 3296 πάθος
1243 3238 1320 3291 τοῦτο
1328 3233 1443 3290 ποικίλον
1453 3231 1498 3289 καί
1512 3231 1658 3289 πολύπονον
1671 3231 1716 3288 καί

944 3320 1175 3379 πολυειδόστατον·
1190 3311 1255 3378 εἶναι
1270 3319 1297 3377 δὲ
1311 3321 1363 3377 τῶν
1377 3321 1519 3394 ἐπιθυμιῶν
1535 3318 1581 3384 τὰς
1593 3319 1640 3395 μὲν
1659 3321 1716 3375 ἕπτ-

941 3406 1049 3478 κτῆτους
1065 3429 1093 3465 τε
1116 3407 1161 3465 καί
1182 3406 1418 3484 παρασκευαστάς,
1441 3405 1488 3471 τάς
1508 3406 1534 3462 δὲ
1556 3405 1715 3484 συμφύτους·

939 3588 1041 3623 numero
1058 3574 1187 3636 escriptum
1196 3577 1232 3623 est
1241 3574 1344 3622 iustitias
1353 3587 1440 3622 nomeu
1451 3592 1456 3621 :
1467 3575 1491 3620 et
1500 3573 1603 3621 iustitiee
1617 3571 1715 3634 quidum

938 3651 986 3700 aris
1005 3651 1135 3700 exstructis
1147 3649 1253 3699 divinum
1269 3663 1319 3699 rem
1332 3651 1441 3697 lecerunt
1458 3666 1464 3696 ε
1479 3647 1715 3710 deiude'lemperau·

937 3729 998 3778 tium
1007 3728 1214 3778 etcontiuentism
1223 3728 1376 3788 invexerunt,
1386 3730 1410 3775 et
1419 3726 1510 3787 eosqui
1521 3729 1599 3774 essent
1609 3726 1714 3774 fruendis
1757 3765 1762 3774 ,

939 3805 1102 3867 voluptatibus
1115 3803 1196 3864 nimii,
1211 3801 1257 3852 sibl
1271 3802 1335 3864 iusto
1344 3803 1413 3864 plura
1422 3800 1543 3849 vindicure
1558 3804 1582 3850 et
1598 3813 1715 3862 usurpare

937 3879 1059 3928 dixerunt.
1077 3880 1113 3926 lta
1126 3877 1217 3926 luctum
1228 3879 1264 3925 est
1278 3877 1357 3938 utqui
1376 3875 1466 3936 legibus
1479 3873 1590 3935 uulgique
1607 3873 1712 3935 opinioni

937 3958 1118 4020 obsequeretur,
1136 3953 1236 4002 modum
1253 3955 1345 4002 teneret
1361 3951 1386 4000 in
1410 3963 1578 4012 corporeunrm
1597 3949 1708 3998 insitione

938 4034 1099 4095 uoluptatum.

1134 4157 1245 4231 [vrrs
1267 4153 1503 4228 xsuoeuurn

1305 4288 1346 4337 16.

968 4397 1118 4459 xenophilus
1133 4398 1255 4456 musicus,
1274 4397 1302 4443 ut
1316 4397 1354 4442 εει
1365 4394 1535 4454 Aristoxenus,
1549 4393 1713 4455 Pythagoricu-

936 4474 1207 4538 pbilosopbtouedtms,
1218 4486 1290 4536 supra
1298 4472 1406 4534 quinque
1415 4473 1440 4521 et
1449 4474 1629 4522 centumunuos
1639 4473 1712 4524 Albe·

936 4553 973 4602 nis
987 4552 1055 4601 vluit.

1023 4662 1368 4763 Pi'sBAGOREORUM
1389 4661 1626 4721 SENTENTlAE.

1303 4789 1344 4836 17.

967 4888 1001 4933 De
1010 4883 1200 4946 concupiscentia
1211 4886 1292 4933 autem
1302 4885 1354 4932 Ιιαεο
1361 4881 1470 4931 dicebat:
1481 4882 1636 4932 Allectionem
1649 4882 1711 4928 lunc

934 4961 1028 5009 uarium
1037 4975 1101 5020 esso,
1114 4961 1257 5009 laboriosum
1274 4963 1298 5008 et
1307 4958 1481 5008 multiformem
1491 4959 1604 5007 nuximc.
1615 4957 1710 5018 cupidi·

106 5037 303 5101 amplilieate,et
313 5035 444 5087 celebrarit
450 5041 521 5100 poeta
530 5039 647 5100 quispiam
656 5051 765 5088 nuruum
772 5041 889 5089 Justilioe
934 5039 1012 5086 letruu
1031 5041 1112 5086 sulem
1125 5037 1184 5085 elius
1199 5049 1250 5086 esse
1268 5036 1410 5084 ucoeoeorius
1426 5039 1500 5095 utque
1511 5033 1637 5091 ascititias,
1653 5032 1710 5080 alias

106 5117 204 5170 meren
213 5127 358 5176 recursus,
369 5127 476 5166 arrreunr
484 5118 602 5167 iustitie
613 5115 715 5166 οειιιιιοι
725 5131 733 5162 .·
743 5115 890 5179 deorumque
933 5129 993 5162 sero
1001 5119 1122 5166 conputus
1134 5117 1165 5164 At
1179 5113 1420 5176 ipsrmcuplilitntem
1433 5111 1561 5161 deliniebat
1572 5123 1622 5159 esc
1633 5110 1708 5172 irnpc·
