3834 5767
517 336 670 398 EUBOEAE
691 335 739 394 ET
758 333 1026 394 THEBANORUM
1046 328 1296 392 hilsellsstlcn.
1642 335 1696 384 llll

381 459 384 466 Ι
405 467 584 526 ΘΙΙΒΑῙΩΝ.
931 461 1007 518 πολιν
1028 458 1114 535 ἔλιπε,
1133 457 1292 533 διαμισήσας
1313 455 1357 512 τὸν
1379 455 1463 534 ἔρωτα
1483 453 1525 511 τδν
1545 478 1591 524 της
1605 457 1701 533 μητρδς

927 546 1082 618 Ἁλκυόνης,
1094 547 1208 616 ἀπῆλθεν
1222 546 1257 609 εἰς
1267 541 1375 611 Θήθας,
1390 543 1464 597 κάκεῑ
1475 539 1518 597 τὸν
1531 539 1587 616 βίον
1599 541 1701 598 ἐτελεύ·

927 655 1009 703 τησαν
1026 630 1179 712 ἀμφότεροι·
1196 629 1241 686 καὶ
1257 633 1300 685 νῦν
1313 626 1353 684 ἔτι
1371 625 1515 684 δεικνύουσι
1526 624 1585 690 τούς
1606 625 1702 704 τάρους

150 725 259 781 Zffl0b·
277 724 331 788 vl,
350 739 383 790 ¹7
398 737 405 776 ἶ
420 717 459 777 Τί
473 717 531 774 Οὔκ
547 711 694 790 ἆπῆγίωι
708 709 759 768 ἵνα
772 708 884 780 0⁷issii·
929 720 1014 778 αὐτῶν
1031 718 1153 787 άλλιίλοις
1168 716 1216 792 μὲν
1232 713 1403 780 εὐσυνόπτους
1419 711 1513 782 ὄντας,
1528 712 1592 790 πρὸς
1609 713 1638 768 δὲ
1654 710 1701 781 την

465 618 529 655 110.

111 832 159 866 τιν
177 807 266 886 ἥρως
278 804 370 884 γένῃ,
384 803 489 872 Ταύτης
506 799 619 860 Πλάτων
642 803 669 857 ἐν
693 795 815 876 Μενέλεῳ
839 794 885 872 με’-

111 917 220 970 μιηται.
235 891 311 952 Φασὶ
329 889 358 948 δὲ
369 889 409 947 ὅτι
421 891 447 946 ἐν
460 886 564 956 Θήόαις
572 889 596 944 oi
610 883 715 949 ἑαυτοίις
726 885 887 960 ἀναιροῦντες

111 983 234 1058 οὐδεμιᾶς
246 983 326 1054 τιμῆς
337 980 466 1054 μετεῖχον.
508 972 563 1034 Καί
584 969 761 1050 Ἀριστοτέλης
775 967 803 1026 δέ
822 990 886 1047 φησι

111 1065 169 1146 περί
178 1065 308 1136 Θηύαίων
319 1065 350 1122 τὸ
358 1063 422 1121 αὐτὸ
434 1067 524 1132 τούτο,
537 1060 577 1118 ὅτι
590 1057 647 1124 τούς
659 1057 810 1136 αὐτόχειρας
824 1059 887 1114 iuu-

111 1158 161 1210 τῶν
178 1153 331 1232 γινομένους
340 1151 388 1208 οὐκ
406 1148 509 1224 ἐτίμων.
529 1146 567 1206 Τθ
579 1135 622 1203 οὐν
634 1143 702 1204 Ἵνα
724 1140 886 1220 ἥρωςγένη

112 1245 169 1299 κατ’
180 1237 346 1318 εὐφημισμὸν
361 1237 469 1316 εἴρηται.
480 1236 583 1292 Eadem
593 1233 825 1307 PlutarchProv.
839 1239 886 1300 47,

110 1331 224 1397 sucas,
239 1329 364 1383 Phocus.

474 1463 540 1500 111.

151 1571 294 1630 Plutarch.
305 1568 434 1642 Pelopid.
450 1588 474 1625 c.
489 1567 602 1642 18,uhi
615 1565 651 1619 de
663 1563 724 1640 ἱερῷ
734 1559 805 1639 λόχῳ
817 1563 888 1618 The-

929 809 980 863 τῶν
993 805 1134 884 Κορινθίων
1142 802 1230 881 χώραν
1241 807 1285 860 τοῦ
1298 799 1346 876 μὲν
1361 797 1504 873 συνόπτου,
1515 803 1558 856 τοῦ
1569 800 1629 856 δὀὐ
1642 821 1703 855 συν·

929 891 1020 950 όπτου.
1063 893 1242 966 Μυθολογοῦσι
1260 886 1311 965 γὰρ
1322 885 1414 950 αὐτοὺς
1426 885 1494 942 οὕτω
1511 883 1639 951 τάξασθαι
1652 882 1702 953 τὴν

930 978 1032 1057 ταφὴν,
1047 977 1091 1035 τὸν
1112 975 1159 1052 μέν
1178 974 1305 1043 Διοκλέα,
1323 971 1366 1030 hh
1377 971 1425 1044 τλν
1436 971 1578 1050 ἀπέχθειαν
1587 976 1633 1028 τοῦ
1643 971 1703 1028 πά-

931 1068 999 1137 θους,
1020 1063 1088 1129 ὅπως
1113 1063 1150 1139 μὴ
1171 1061 1285 1124 ἄποπτος
1306 1059 1379 1117 ἔσται
1402 1063 1420 1128 ἡ
1441 1058 1565 1136 Κορινθία
1586 1057 1638 1114 ἀπὸ
1659 1062 1704 1114 τοῦ

931 1149 1068 1228 χώματος,
1081 1148 1125 1205 τὸν
1141 1147 1169 1205 δὲ
1194 1147 1343 1217 Φιλόλαον,
1363 1144 1431 1211 ὅπως
1445 1145 1569 1210 ἄποπτος.
1582 1138 1704 1226 ᾯιιησαν

932 1235 980 1313 μέν
991 1225 1035 1293 οὐν
1049 1232 1091 1292 hi
1109 1233 1156 1305 τὴν
1175 1231 1298 1302 τοιαύτην
1312 1230 1398 1290 αἰτίαν
1412 1230 1485 1310 παρὰ
1496 1235 1548 1298 τοῖς
1562 1228 1704 1304 Θηόαίοις,

932 1320 1070 1399 νομοθέτης
1085 1323 1107 1378 δ’
1130 1322 1217 1385 αὐτοῖς
1231 1317 1332 1395 ἐγένετο
1349 1317 1482 1383 Φιλόλαος
1495 1317 1555 1394 περί
1571 1318 1594 1374 τ’
1616 1315 1704 1373 ἄλλων

931 1411 1008 1466 τινῶν
1022 1409 1068 1466 καί
1078 1407 1138 1487 περί
1149 1410 1194 1477 τῆς
1207 1404 1387 1476 παιδοποιίας,
1406 1403 1449 1470 oisc
1465 1406 1587 1462 καλοῦσιν
1608 1405 1700 1460 έκεῖνοι

933 1496 1028 1573 νόμως
1045 1493 1173 1560 θετικούς·
1196 1492 1243 1550 καὶ
1268 1491 1337 1550 τοῦτ’
1362 1490 1431 1549 ἐστὶν
1453 1490 1523 1554 ἰδίοις
1544 1491 1587 1547 ὐπ’
1609 1488 1705 1546 ἐκείνου

932 1581 1174 1659 νενομοθετημένον,
1190 1579 1259 1645 ὅπως
1279 1582 1294 1636 θ
1312 1577 1420 1655 άριθμθς
1439 1576 1556 1646 σώζηται
1573 1578 1624 1633 τῶν
1642 1573 1705 1644 κλή·

112 1663 255 1716 banorum
265 1675 357 1712 sermo
371 1666 412 1710 est
429 1672 436 1712 :
448 1648 534 1712 Ἔνιοι
544 1649 572 1708 δέ
586 1671 663 1728 φασιν
677 1645 703 1714 ἐξ
716 1649 831 1725 ἐραστῶν
844 1646 889 1704 καί
934 1670 1010 1748 pm]
1023 1674 1054 1726 V·
1064 1671 1175 1724 Mfiper·
1191 1669 1265 1724 Min·
1276 1687 1306 1740 p·
1322 1673 1376 1735 407
1392 1685 1447 1738 sq.,
1460 1667 1529 1720 Dor·
1545 1666 1584 1733 Π,
1595 1681 1627 1735 p·
1640 1681 1706 1718 200·

112 1741 251 1823 ἐμομίνων
266 1738 385 1815 γενέσθαι
404 1737 434 1795 τὸ
454 1737 576 1810 σύστημα
594 1738 713 1794 τοῦτο...
730 1731 843 1810 Λέγεται
861 1731 888 1790 δέ

111 1831 157 1890 καί
166 1829 212 1886 τὸν
224 1827 332 1886 Ἰόλεων
349 1830 395 1884 τοῦ
410 1823 569 1903 Ἡρακλέους
582 1819 710 1900 ἐρώμενον
723 1817 785 1876 όντα
799 1841 889 1876 κοινω-
1274 1777 1301 1853 [¹
1310 1776 1367 1852 ἡ]

111 1919 164 1974 νεῖν
178 1918 231 1972 τῶν
246 1913 332 1971 ἄθλων
346 1912 391 1970 καλ
402 1909 582 1990 παρασπίζειν.
598 1903 776 1986 Ἀριστοτέλης
789 1904 888 1962 δὲκαθ’
974 1911 1030 1988 [ld.
1047 1911 1109 1966 Pol.
1127 1913 1161 1976 V,
1179 1905 1207 1975 5,
1228 1923 1265 1960 ro
1281 1925 1288 1962 ι
1305 1903 1356 1962 Ἐκ
1372 1900 1399 1960 δέ
1414 1900 1580 1980 δικαστηρίου
1600 1899 1708 1978 κρίσεως

114 2003 191 2061 αὐτόν
205 2000 245 2059 ἔτι
262 1999 341 2079 φησίν
358 1997 401 2056 lei
412 2004 456 2057 τοῦ
469 1997 551 2075 τάρου
565 1999 609 2054 τοῦ
622 1993 709 2054 Ἰόλεω
718 1992 765 2058 rit<
773 2013 887 2049 καταπι-
933 2001 987 2070 ἢέν
999 1994 1144 2075 Ἡρακλεία
1157 1991 1246 2056 στάσις
1257 1988 1359 2066 ἐγένετο
1370 1988 1416 2046 καί
1429 1991 1455 2046 ἐν
1467 1987 1572 2057 Θήόαις
1584 1987 1626 2044 ἐπ’
1636 1986 1707 2064 αίτίρ

114 2089 223 2154 πεύσεις
244 2091 377 2146 ποιεῖσθαι
395 2085 453 2152 wilt
469 2082 614 2162 έρωμένῠϋς
632 2080 677 2139 καί
691 2078 750 2145 wilt
769 2077 887 2158 ἔρωτός·
934 2083 1068 2164 μοιχείας,
1084 2079 1189 2145 δικαίως
1202 2078 1250 2154 μὲν
1276 2078 1453 2140 στασιωτικιῗις
1471 2074 1500 2132 δὲ
1521 2072 1706 2148 ποιησαμένων

114 2177 192 2242 Etsi<
206 2167 252 2233 οὐν
261 2174 307 2232 καί
321 2173 366 2232 τὸν
378 2169 531 2251 λόχονίερδν
540 2167 787 2248 προσαγορεύεσθαι,
801 2163 890 2222 καθότι
933 2170 980 2241 τὴν
994 2171 1113 2240 κόλασιν,
1126 2170 1178 2224 τῶν
1193 2164 1241 2240 μὲν
1259 2166 1285 2222 ἐν
1300 2161 1444 2241 Ἡρακλείᾳ
1456 2161 1514 2219 κατ’
1532 2161 1704 2238 Εὐρυτίωνος,

115 2266 158 2322 Mi
176 2262 293 2322 millii
308 2260 392 2318 ἔνθεον
412 2259 485 2339 φίλον
500 2257 544 2315 τὸν
559 2255 670 2334 έρᾱπθν
691 2260 825 2326 miiiti-
848 2257 890 2309 De
933 2264 985 2318 τῶν
997 2261 1020 2317 δ’
1033 2261 1060 2316 ἐν
1072 2254 1177 2325 Θήύαις
1185 2252 1245 2310 κατ’
1258 2250 1375 2329 Ἀρχίου·
1385 2247 1580 2328 ἐφιλονείκησαν
1596 2245 1648 2325 γάρ
1660 2246 1709 2302 αὐ-

115 2355 183 2408 Iolai
201 2350 329 2420 tumulo,
341 2351 498 2424 gymnasio,
513 2345 585 2401 ludis
595 2365 620 2402 ν.
636 2347 752 2399 Pansan.
767 2342 828 2410 IX,
842 2341 889 2398 23.
934 2344 1024 2412 τοδςσὶ
1035 2343 1133 2421 ἐχθροί,
1150 2338 1217 2397 ὥστε
1237 2338 1341 2406 δεθῆναι
1352 2337 1379 2392 ἐν
1393 2335 1474 2412 ἀγορᾷ
1486 2334 1512 2390 έν
1524 2335 1561 2411 τῷ
1576 2331 1683 2408 κύφωνι.
1696 2331 1706 2406 ]

115 2440 229 2495 Boeclh.
243 2436 279 2493 ad
293 2433 409 2492 Pindar.
424 2436 535 2507 Olymp.
548 2433 599 2488 Vll
609 2473 618 2503 ,
628 2429 673 2485 23.
683 2430 742 2496 lx,
758 2444 812 2500 99,
825 2427 889 2482 coll.

117 2529 196 2599 Pyth.
209 2527 270 2598 IX,
286 2542 337 2598 99;
352 2525 430 2578 Nem.
444 2525 495 2590 lv,
512 2540 564 2588 ου,
580 2520 676 2590 ibique
695 2517 783 2571 schol.
797 2543 835 2556 -
849 2517 890 2568 De

117 2614 178 2690 ἱερῷ
196 2611 272 2689 λόχῳ
284 2629 313 2668 v.
333 2627 405 2683 quos
422 2608 518 2662 laudat
532 2606 682 2662 iicrmann.
709 2603 825 2673 Antiqq.
846 2618 888 2673 gr.

117 2701 131 2774 S
149 2699 217 2776 18¹,
234 2719 268 2768 α,
280 2698 346 2754 coll.
361 2692 473 2751 Miller.
487 2693 554 2750 Dor.
566 2692 611 2764 11,
628 2707 694 2762 297.

455 2819 552 2898 [nai

155 2961 257 3034 [Arist.
268 2959 330 3014 Pol.
350 2958 394 3024 11,
411 2973 446 3028 9,
462 2953 480 3008 6
499 2969 506 3009 :
526 2947 648 3026 Ἐγένετο
661 2944 689 3002 δὲ
702 2943 746 3003 καί
762 2939 894 3006 Φιλόλαος

119 3051 132 3104 θ
145 3047 282 3124 Κορίνθιος
294 3038 430 3116 νομοθέτης
443 3035 579 3105 Θηόαίοις.
594 3025 646 3092 Ἦν
660 3033 683 3090 δ’
695 3035 710 3088 δ
720 3029 851 3094 Φιλόλαος
862 3026 892 3084 τὸ

120 3133 164 3208 μὲν
185 3131 258 3207 γένος
277 3132 330 3186 τῶν
371 3124 546 3204 Βακχιαδῶν,
569 3117 680 3201 ἐραστὴς
703 3115 730 3174 δέ
758 3114 893 3192 γενόμενος

120 3217 251 3283 Διοκλέους
264 3220 309 3272 τοῦ
324 3211 475 3282 νικήσαντος
489 3205 678 3285 Ὀλυμπίασιν,
692 3208 726 3270 ὡς
740 3206 834 3266 ἐκεῖνος
842 3197 890 3282 τὴν

974 2458 987 2483 ι
1011 2432 1172 2489 Perizonius
1191 2429 1247 2481 huc
1268 2425 1364 2478 retulit
1389 2422 1580 2476 narrationem
1604 2419 1708 2472 AEliani

933 2525 969 2578 V.
982 2523 1020 2578 Η.
1029 2520 1086 2586 xl,
1097 2537 1112 2587 7
1124 2536 1130 2569 :
1143 2510 1246 2580 Συνέόη
1257 2507 1315 2566 τινὰ
1327 2505 1418 2584 μοιχθν
1428 2501 1526 2562 ἁλῶναι
1531 2505 1558 2560 ἐν
1570 2504 1707 2571 Θεσπιαῖς,

934 2596 991 2664 εἶτα
1013 2603 1091 2675 ἤγετο
1115 2598 1158 2656 διὰ
1176 2601 1222 2665 τῆς
1247 2599 1342 2672 ἀγορᾶς
1356 2591 1502 2666 δεδεμένος·
1516 2588 1651 2669 σἰρείλοντο
1664 2579 1708 2645 οὐν

935 2688 1013 2746 αὐτὸν
1024 2691 1052 2751 oi
1060 2686 1171 2762 ἑταῖροι·
1185 2680 1281 2761 ἐξήρθη
1296 2671 1340 2737 οὐν
1351 2679 1442 2745 στάσις
1457 2673 1640 2736 καίισυνίπεσε
1661 2695 1709 2750 γι-

935 2774 1023 2832 νίοθαι
1032 2771 1123 2853 ρόνους
1141 2767 1262 2830 πολλούς.
1278 2771 1306 2824 Is
1315 2780 1452 2842 praeterea
1466 2783 1572 2820 nomen
1583 2763 1706 2816 urbisin

935 2865 1070 2919 alterutro
1082 2860 1218 2931 scriptore
1230 2856 1362 2910 vitiosum
1376 2854 1603 2925 essesnspicatur.
1616 2851 1711 2903 Potest

936 2963 1029 3004 tamen
1042 2947 1104 3002 fieri
1127 2956 1159 2999 ut
1181 2943 1298 2998 Archias
1310 2941 1396 2996 inerit
1408 2941 1573 3005 flichanos,
1586 2936 1711 3008 Thespiis

935 3047 1028 3090 autem
1037 3035 1066 3086 in
1076 3032 1215 3087 adulterio
1225 3029 1414 3101 deprehensns
1424 3036 1452 3080 et
1464 3026 1579 3098 punitus
1588 3022 1682 3076 fuerit.
1697 3042 1710 3068 a

935 3119 1107 3176 Scnrnnna.

129 3300 1706 3346 Μ

363 3375 642 3440 THEBANORUM.

474 3523 535 3573 llo,

150 3655 242 3713 Quidni
256 3651 461 3716 teutspencllstl,
483 3647 570 3698 Thelia
583 3647 613 3695 ul
633 3643 706 3692 heros
721 3640 794 3703 fios?
813 3637 891 3698 liujus

121 3735 212 3784 Phloin
219 3733 329 3782 Menelao
336 3729 452 3778 meminit.
460 3726 572 3776 helerunt
579 3722 643 3772 enim
649 3721 735 3770 Thebis
742 3721 843 3766 mortem
849 3715 891 3777 qui

119 3812 160 3860 sihi
167 3799 658 3870 conscisceret,inlamemhahilum.ldem
674 3795 703 3844 tle
717 3791 891 3843 Thebanishri·

121 3889 213 3938 stoteles
223 3899 322 3950 quoque
333 3882 518 3941 commemorat,
532 3891 617 3940 nempe
628 3876 669 3938 qui
679 3873 723 3924 sibi
732 3885 817 3920 munus
826 3871 890 3918 altu·

121 3966 210 4024 lisseol,
224 3964 293 4012 nullo
312 3964 339 4010 in
358 3961 449 4008 honore
469 3958 548 4006 luisse.
570 3953 633 4005 lllud
654 3952 750 4014 itaque,
770 3952 800 3998 ul
819 3947 890 3997 heros

116 4042 179 4102 fios,
190 4055 231 4104 per
241 4038 432 4101 euphemismum
440 4034 533 4084 dictum
541 4035 585 4082 est.

477 4125 536 4174 ill.

150 4227 260 4278 Nonnulli
275 4225 375 4276 tradunt
387 4223 510 4272 cohortem
522 4233 574 4270 eam
585 4232 617 4270 ex
632 4220 660 4268 iis
677 4215 803 4266 sonitatum
812 4217 854 4277 qui
866 4228 892 4264 se

123 4309 205 4356 ιιιαιυο
214 4307 347 4355 amarent..
357 4305 449 4352 Ferunt
459 4301 531 4350 ctiam
545 4300 637 4348 lolaum
651 4297 760 4346 llerculis
775 4294 891 4342 amasium

122 4379 405 4432 umcumeocertamina
412 4367 890 4438 obiisse,auxiliumquetnlissecmalori.

122 4462 150 4508 it
159 4456 502 4509 arhtotelaamreliamretute
509 4453 542 4501 cil
549 4451 614 4513 apncl
622 4448 758 4510 sepulcrum
766 4447 823 4496 loial
831 4458 892 4495 ama·

122 4539 183 4584 toras
205 4539 230 4583 el
245 4533 347 4582 anassios
361 4533 447 4580 mulus
462 4541 487 4578 se
508 4527 555 4576 lide
570 4526 682 4587 obligare.
701 4525 891 4573 Consentaneum

123 4612 259 4671 ιαηιιεεει,
272 4623 301 4658 ca
319 4609 412 4658 ratione
429 4605 552 4655 cohortem
568 4615 659 4652 sacram
679 4599 827 4648 nominatam
844 4612 892 4661 qua

124 4689 188 4736 l‘lrto
194 4690 323 4736 amatorem
336 4683 409 4733 divini
418 4682 489 4732 antici
498 4681 593 4730 nomine
605 4678 707 4738 insignit.

475 4789 549 4852 112]

152 4891 221 4954 [lull
231 4897 255 4942 et
273 4891 395 4942 Philolaus
405 4787 544 4940 corlitlhius
561 4887 681 4938 Thebanis
700 4886 781 4947 legum
798 4887 891 4934 auctor.

934 3362 1045 3411 insanum
1053 3359 1137 3408 matris
1146 3358 1276 3418 llaicyonte
1291 3368 1397 3406 amorem
1411 3355 1550 3416 aspernatis
1564 3364 1595 3400 ac
1609 3351 1709 3400 ocea-

933 3443 974 3490 tus
985 3440 1069 3488 urbem
1082 3437 1227 3499 reliquisset,
1245 3435 1338 3484 Tliabas
1352 3447 1399 3482 nna
1417 3446 1473 3480 oum
1484 3445 1513 3479 eo
1523 3430 1645 3493 pmiecius
1655 3431 1704 3487 cst,

934 3517 1015 3578 ibique
1029 3515 1100 3563 ambo
1112 3514 1201 3561 mortui
1211 3514 1281 3573 sunt,
1295 3513 1368 3572 alque
1378 3510 1451 3558 etiam
1464 3521 1530 3556 nunc
1539 3518 1623 3555 eorum
1632 3505 1709 3566 sepul·

935 3608 977 3644 cm
988 3593 1132 3654 ostendunt,
1148 3593 1183 3640 ita
1199 3591 1289 3654 positu,
1306 3593 1334 3638 ut
1349 3591 1451 3638 altemm
1469 3587 1568 3649 quidem
1584 3600 1614 3634 ex
1634 3586 1710 3634 allero
1775 3593 1783 3609 ·

935 3672 1004 3720 icelle
1016 3670 1121 3731 oonspici
1139 3668 1226 3729 possit3
1238 3667 1280 3716 sed
1293 3666 1471 3716 corinthiorum
1488 3675 1546 3724 agm
1561 3663 1662 3710 alterum
1679 3660 1711 3708 sit

934 3751 960 3798 ln
973 3750 1103 3810 conspectu
1118 3747 1235 3808 positum,
1245 3745 1349 3793 aiterum
1366 3757 1415 3792 non
1430 3743 1469 3791 sit.
1482 3739 1633 3792 Fallulantur
1645 3738 1711 3786 euim

934 3841 976 3876 eos
985 3827 1072 3876 itasuo
1087 3825 1196 3887 sepulcra
1211 3823 1263 3872 heri
1277 3821 1387 3870 relocati
1400 3820 1498 3882 jussisse
1511 3838 1517 3866 ι
1532 3816 1641 3866 Dioclem
1655 3815 1709 3876 qui·

935 3905 991 3956 (lem
1002 3905 1098 3967 propter
1106 3902 1188 3950 odium
1197 3913 1267 3948 casus
1276 3898 1379 3957 infandi,
1389 3898 1417 3946 nt
1428 3910 1458 3945 ne
1470 3909 1501 3945 ex
1511 3893 1615 3958 sepulcri
1626 3905 1710 3954 aggere

934 3995 990 4043 ager
1001 3979 1138 4030 corinthius
1152 3976 1254 4040 prospici
1270 3978 1349 4037 posset
1356 3990 1363 4034 ;
1377 3973 1512 4022 philolaum
1529 3973 1611 4019 autem
1623 3970 1670 4029 ito,
1681 3971 1720 4026 ut.

935 4059 1022 4120 posset.
1031 4054 1176 4106 habitabant
1185 4052 1255 4114 igitur
1263 4053 1358 4114 propter
1363 4049 1437 4098 talem
1445 4059 1541 4094 musam
1548 4044 1612 4106 apud
1619 4044 1711 4092 Thebu-

935 4146 987 4182 nos.
996 4136 1068 4194 Leges
1076 4134 1155 4180 aulem
1165 4131 1193 4178 iis
1202 4127 1295 4190 scripsit
1302 4126 1436 4184 Philolaus,
1445 4135 1521 4184 quum
1530 4121 1560 4170 de
1567 4119 1709 4182 quibusdam

935 4210 988 4259 aliis
999 4211 1084 4270 rebus,
1098 4211 1151 4258 tum
1160 4207 1190 4257 de
1200 4205 1328 4268 adoptione
1342 4203 1487 4262 liberorum,
1498 4212 1558 4262 quos
1569 4201 1658 4247 vocent
1670 4199 1706 4245 illi

935 4287 998 4348 leges
1005 4286 1136 4349 adoptivas.
1145 4288 1224 4346 Atque
1236 4284 1281 4331 hoc
1292 4280 1385 4343 proprie
1392 4277 1484 4340 legibus
1492 4275 1540 4324 illis
1551 4275 1709 4324 constitutum

935 4366 985 4422 εει,
1001 4367 1028 4412 ul
1041 4364 1172 4425 honorum,
1189 4376 1244 4425 qum
1256 4361 1343 4422 cuique
1354 4361 1418 4406 sorte
1434 4355 1585 4417 obtigissent,
1597 4364 1711 4402 nnmems

935 4439 1097 4504 servaretur]

1281 4540 1366 4605 [ιιι]

969 4643 1072 4706 [seditio
1091 4657 1147 4707 qum
1168 4641 1289 4692 lleracleoe
1304 4637 1406 4700 exarsit,
1423 4649 1455 4685 τι
1472 4633 1579 4696 iudiciali
1595 4632 1710 4682 soltertia

936 4725 991 4771 orta
998 4726 1048 4785 est;
1061 4725 1122 4772 etas
1134 4734 1190 4783 quie
1199 4719 1301 4778 rhetis,
1315 4731 1345 4766 er
1357 4729 1400 4776 eo,
1409 4713 1477 4776 quod
1493 4712 1525 4762 oh
1537 4710 1627 4759 crimen
1642 4708 1710 4756 adul·

936 4798 989 4848 terii
998 4799 1163 4860 poenasjustus
1172 4797 1283 4858 quidem,
1293 4793 1334 4843 sed
1349 4792 1445 4841 luctiose
1454 4787 1620 4849 sumpsissent,
1632 4788 1708 4833 llera-

938 4874 1045 4924 cleenses
1058 4875 1155 4938 quidem
1164 4872 1195 4921 de
1204 4871 1346 4933 Eurytione,
1358 4866 1464 4918 Thebani
1473 4865 1554 4912 eutem
1567 4859 1709 4910 hesichio:

124 4971 179 5016 Eril
192 4970 268 5017 nutem
287 4969 406 5018 Philolaus
417 4981 448 5016 ex
458 4965 644 5031 Bacchhdprum
656 4975 756 5026 gmem
766 4961 806 5011 sed
815 4973 892 5024 quum
936 4952 1068 5003 odioenim
1078 4965 1124 5001 uio
1135 4949 1289 5012 pervicerunt
1298 4948 1351 5008 ejus
1364 4942 1468 5003 inimici,
1480 4943 1508 4988 ut
1522 4939 1546 4986 in
1555 4939 1606 4988 toro
1616 4935 1710 4983 rinctus

125 5048 210 5097 Dioclis
219 5050 282 5111 ejus,
296 5050 339 5110 qui
351 5049 408 5097 ric-il
425 5047 552 5109 olympia,
563 5048 657 5095 amator
668 5043 744 5102 esset,
758 5042 798 5090 ille
811 5043 891 5090 cirtem

938 5031 1050 5080 numelloe
1059 5026 1262 5090 adstringeretur]
