3834 5767
457 343 1095 518 srasrnnaorus
1135 344 1520 481 anisius,

847 650 1129 694 w-

231 843 439 910 Stesimbrotus,
453 845 567 898 Periclis
576 855 604 898 et
613 843 785 916 Thucydidis
797 845 909 914 aequalis
917 843 963 918 (ί),
1018 844 1168 916 beriadgl.
1177 861 1207 916 p.
1217 843 1269 898 150
1276 843 1576 918 sqq.).Quaquomodo
1585 863 1649 899 usus
1655 845 1798 901 sitauctor

193 931 282 984 Thaso
308 930 458 997 oriundus,
476 933 624 985 maximam
643 932 706 984 ritae
725 941 832 1002 partem
853 930 970 984 Athenis
1018 949 1077 984 non
1090 930 1429 986 comma—laudantur
1440 931 1563 1003 denique
1575 933 1714 987 nonnulla
1727 934 1797 988 item

194 1019 354 1090 transegisse
363 1017 485 1084 videtur,
500 1017 551 1071 ubi
568 1016 698 1070 mercede
721 1015 818 1068 docuit
830 1034 864 1069 ex
886 1032 966 1068 more
1018 1019 1174 1089 argumemi
1186 1018 1367 1090 mythologici
1380 1018 1432 1093 (fr.
1449 1013 1636 1092 16-18],quae
1648 1029 1747 1074 utrum
1759 1040 1799 1075 ex

191 1104 387 1176 sophistarum.
410 1105 524 1158 Famam
538 1105 591 1156 viri
608 1111 743 1156 testantur
756 1103 871 1156 nomina
885 1101 970 1155 disci—
1017 1103 1126 1176 scriptis
1138 1105 1280 1158 recensitis
1292 1101 1440 1172 fluxerint,
1454 1104 1543 1159 velad
1551 1106 1604 1159 alia
1615 1105 1705 1160 hodie
1714 1109 1797 1180 igno·

194 1191 340 1264 pulcrum,
356 1191 478 1246 Nicerati
494 1189 696 1262 Xenophontei
707 1185 756 1261 (⁴⁴)
769 1199 797 1241 et
809 1187 968 1242 Antimachi
1018 1199 1076 1243 rata
1090 1191 1263 1262 pertineant,
1285 1191 1422 1244 incertum
1436 1202 1486 1245 est.
1504 1230 1542 1240 -
1566 1193 1629 1246 Jam
1650 1194 1674 1245 si
1696 1193 1727 1245 in
1751 1195 1798 1248 his

194 1274 629 1352 (**”),p0etaedoctissimi,quem
639 1275 970 1330 interaliaetiamcarmi·
1018 1277 1138 1330 maxime
1150 1277 1248 1330 studiis
1258 1274 1649 1334 Stesimhrotussetsatuscsse
1665 1280 1696 1333 iu
1706 1281 1798 1351 iisque

195 1385 263 1420 num
275 1366 490 1420 Homericorum
506 1364 657 1418 editionem
672 1377 779 1416 curasse
787 1373 814 1416 et
828 1362 864 1417 de
880 1363 972 1435 patria
1018 1363 1233 1434 quasihabitasse
1244 1362 1366 1432 ridetur,
1380 1383 1439 1417 uon
1451 1373 1541 1418 totum
1553 1375 1646 1419 tamen
1655 1383 1685 1418 se
1695 1367 1729 1420 iis
1743 1367 1798 1421 de-

197 1469 356 1526 generequc
367 1451 484 1504 Homeri
496 1449 651 1503 dissentisse
663 1450 773 1502 scimus.
785 1450 819 1502 In
827 1448 972 1502 hisexem-
1019 1448 1109 1517 didit;
1121 1468 1186 1504 nam
1198 1461 1300 1522 praeter
1313 1450 1421 1506 fabulas
1431 1451 1515 1505 etiam
1527 1452 1570 1505 sui
1585 1453 1636 1504 aevi
1649 1453 1798 1506 historiam

196 1539 391 1610 plumsecutus
405 1548 445 1591 est
458 1537 645 1608 Stesimbr·oti‚
655 1538 703 1608 qui
717 1546 781 1608 post
794 1536 970 1608 Theageuem
1019 1538 1163 1604 tractavit,
1179 1555 1213 1590 eo
1228 1548 1321 1591 tamen
1339 1537 1392 1590 sibi
1405 1538 1514 1605 similis,
1529 1537 1609 1610 quod
1621 1539 1665 1592 uti
1682 1541 1800 1610 mythos

196 1625 303 1695 primus
316 1625 433 1694 ponitur
455 1641 570 1690 comm,
585 1641 656 1694 quos
672 1623 802 1676 Tatianus
818 1619 884 1694 (Or.
906 1620 971 1675 adr.
1020 1622 1247 1695 interpretando,
1263 1624 1301 1676 sic
1319 1623 1463 1678 historiam
1474 1622 1661 1678 deformando
1675 1623 1712 1679 ad
1732 1644 1800 1679 usus

196 1711 245 1766 Gr.
263 1728 287 1764 c.
311 1709 364 1777 483
388 1729 415 1762 ν.
439 1728 503 1782 pag.
525 1709 572 1782 ra)
598 1709 634 1762 de
650 1709 766 1763 Homeri
781 1706 970 1780 temporibus,
1019 1720 1122 1762 suoset
1135 1710 1251 1764 consilia
1261 1708 1524 1763 accommodaverit.

197 1813 309 1868 genere,
323 1797 401 1868 poesi
414 1797 498 1868 egisse
508 1795 584 1848 dicit.
595 1797 692 1867 Operae
709 1812 773 1866 pars
784 1795 868 1867 longe
882 1791 973 1862 major
1059 1796 1169 1850 Etenim
1182 1797 1290 1869 scripsit
1300 1793 1499 1850 Stesimhrotus
1521 1797 1624 1851 librum
1642 1796 1800 1873 Περὶθε-

198 1885 227 1934 in
238 1899 272 1934 eo
286 1882 374 1954 posita
384 1892 456 1948 erat,
469 1893 501 1935 ut
518 1881 616 1934 iabulae
628 1892 656 1934 et
669 1880 871 1934 reconditiores
880 1891 973 1952 poetae
1021 1878 1240 1955 μιστοκλέους
1276 1879 1329 1937 καί
1363 1879 1565 1939 Θουκυδίδου
1596 1881 1653 1938 καὶ
1675 1885 1797 1960 ’Περι-

197 1967 973 2044 sententiaeoillnyoptaiieetnpaypactn'ieexplicarentur.
1020 1964 1150 2038 κλίους,
1165 1978 1281 2024 testante
1304 1969 1438 2024 Athenaeo
1456 1971 1543 2039 xm,
1568 1989 1597 2043 p.
1612 1969 1679 2044 589,
1699 1975 1726 2027 D
1742 1973 1799 2043 (fr.

199 2055 304 2109 ldtum
319 2055 443 2126 reliquiae
465 2054 517 2128 (fr.
543 2053 596 2128 19)
612 2054 810 2128 comprobant,
832 2064 890 2108 tum
905 2071 972 2107 vero
1023 2055 1087 2130 ιο).
1100 2057 1167 2128 Quae
1178 2066 1314 2129 praeterea
1328 2055 1430 2110 dehoc
1444 2074 1530 2129 opere
1541 2069 1685 2130 comperta
1703 2060 1798 2114 habe-

200 2144 320 2196 innuunt
330 2143 384 2196 loci
399 2143 522 2196 Platonis
536 2140 616 2216 (**⁴')
631 2142 862 2214 etllenophontis
873 2139 971 2212 (Cous.

200 2230 257 2293 ΙΙΙ,
271 2227 320 2298 6),
336 2227 386 2281 ubi
406 2229 604 2284 Stesimhrotus
621 2246 686 2281 cum
700 2229 806 2283 Glauco
821 2238 848 2281 et
866 2228 971 2294 Anaxi-

199 2314 319 2368 mandro
335 2316 514 2387 componitur
532 2315 578 2386 (v.
595 2314 683 2368 Wolf.
700 2314 828 2387 Prolegg.
841 2332 870 2386 p.
891 2313 972 2386 161).

199 2400 313 2460 Addere
322 2403 409 2472 possis
420 2402 766 2474 Protagoram,Hippiam,
778 2401 974 2456 Metrodorum

201 2493 329 2542 ettotam
342 2487 400 2542 l'ere
414 2507 476 2560 quae
493 2499 552 2542 tum
571 2489 709 2561 pullulare
723 2489 838 2542 Athenis
852 2497 975 2562 cuperat

200 2575 311 2628 turbam
322 2575 515 2647 sophistarum.
526 2577 637 2630 Horum
645 2575 775 2648 permulti
787 2592 818 2628 ea
832 2577 876 2630 vla
886 2577 975 2629 inces-

201 2664 301 2728 serint,
318 2661 450 2732 quamde
465 2663 554 2716 ethica
567 2663 723 2715 carminum
736 2663 821 2715 Hom.
837 2664 975 2734 interpre-

200 2749 305 2802 tatione
335 2758 535 2802 monstraverat
565 2753 742 2820 Anaxagoras
767 2747 812 2820 (v.
848 2748 973 2802 Lobeclr.

203 2833 341 2906 Aglaoph.
355 2851 384 2903 p.
404 2831 468 2901 1573
484 2835 589 2888 Nitsch.
608 2834 679 2888 Hist.
695 2835 779 2887 Hom.
798 2835 838 2904 tl,
857 2853 886 2906 p.
904 2833 973 2908 86).

202 2918 261 2972 Sed
276 2919 402 2990 quamvis
415 2919 499 2972 etiam
513 2919 709 2973 Stesimhrotus
722 2919 829 2973 ethicos
846 2939 867 2978 s.
884 2939 976 2973 mora-

203 3007 244 3059 les
254 3006 373 3058 maxime
384 3005 529 3078 allegorias
541 3007 569 3059 in
583 3009 709 3061 Homero
725 3008 857 3078 reperisse
870 3007 923 3060 sibi
935 3009 977 3060 vi-

202 3092 311 3159 deatur,
321 3102 411 3146 tanren
418 3109 485 3144 num
495 3092 573 3145 inhis
582 3095 753 3166 Anaxagorae
760 3134 768 3161 ,
775 3095 886 3148 Periclis
896 3094 976 3147 Iami-

106 3225 108 3230 .
151 3229 155 3237 ,
205 3179 282 3246 llari,
297 3197 325 3232 se
337 3177 490 3245 addixerit,
509 3169 687 3233 vehementer
701 3179 810 3234 dubito.

247 3265 374 3319 Alterum
398 3283 469 3336 opus
493 3265 689 3320 Stesimhrotus
716 3269 874 3342 composuit
897 3263 978 3343 Περὶ

204 3350 334 3406 τελετῶν
347 3353 403 3404 sive
415 3353 459 3405 De
472 3357 623 3420 mysteriis,
637 3371 698 3426 quae
716 3353 782 3407 item
796 3356 884 3408 latum
902 3373 978 3408 cam-

206 3457 273 3510 pum
295 3440 460 3512 praebebant
479 3441 702 3512 interpretationi
720 3440 878 3512 symbolicae
900 3442 978 3516 (Lo-

237 3613 271 3673 (*)
288 3613 345 3674 Περὶ
357 3613 397 3660 τὸν
409 3613 478 3660 αὐτὸν
500 3613 559 3673 ὁμοῦ
577 3629 599 3660 τι
619 3611 702 3675 χρόνον
720 3619 754 3676 τῷ
774 3615 865 3676 Κίμωνι
878 3619 978 3676 γεγονὼς

205 3665 245 3738 (lr.
255 3683 311 3728 lex
322 3681 442 3728 Plutarch.
453 3680 515 3729 Cim.
535 3693 557 3728 c.
568 3682 607 3740 th
621 3683 706 3731 Cimon
715 3684 815 3731 moritur
825 3697 848 3732 a.
858 3687 903 3733 tta
913 3699 935 3733 a.
947 3689 976 3735 C.

205 3779 236 3790 -
246 3750 312 3798 Κατὰ
319 3750 372 3805 τοὺς
385 3751 468 3804 αὐτοὺς
480 3751 544 3812 αὐτῷ
554 3751 689 3813 (Περικλεῖ)
700 3753 796 3814 χρόνους
806 3753 923 3816 γινόμενος
933 3755 978 3815 (It.

207 3825 235 3866 to
244 3831 272 3870 es
285 3818 371 3867 Athen.
381 3821 451 3878 tht,
461 3831 485 3880 ρ.
498 3823 552 3879 589,
565 3819 608 3880 b).
619 3821 756 3869 -Librum
765 3821 795 3870 de
805 3823 978 3885 Themistocle,

206 3887 344 3949 Thucydide
357 3890 382 3936 et
395 3888 486 3938 Pericle
503 3890 639 3950 composuIt
659 3892 713 3952 post
731 3904 752 3939 a.
774 3895 833 3953 tto,
852 3905 901 3954 quo
916 3893 980 3943 lilius

206 3959 304 4007 Periclis
323 3958 473 4020 xanthippus
490 3961 555 4020 peste
575 3959 689 4021 abreptus
708 3963 752 4010 est.
770 3963 831 4011 Vide
845 3962 874 4012 tr.
891 3969 928 4011 tt.
947 3994 979 4004 -

205 4029 284 4078 Allum
296 4030 493 4090 stoeimbrotum,
507 4031 718 4093 epaminondas,
728 4035 847 4082 memorat
856 4035 978 4084 Plutarch.

206 4101 259 4147 Par.
271 4099 329 4147 Min.
344 4112 366 4148 c.
382 4105 418 4147 12.

239 4168 283 4226 (st)
300 4168 432 4229 Xenophon
451 4171 531 4228 Symp.
545 4170 620 4228 ttt‚o
636 4185 642 4216 :
659 4173 789 4234 Postquam
805 4171 835 4221 de
847 4173 978 4236 rhapsodo·

206 4248 260 4282 rum
270 4235 505 4296 insipientialocutus
513 4237 564 4284 erat
571 4239 690 4299 Socratis,
700 4253 748 4288 uon
757 4241 848 4302 absque
857 4243 932 4292 ironia
940 4245 979 4293 Ni·

206 4305 287 4353 cerato
298 4303 357 4352 dicit
374 4305 421 4353 :tt
434 4305 458 4353 δὲ
474 4305 641 4368 Στησιμδρδτῳ
657 4325 682 4356 τε
698 4311 738 4357 καὶ
757 4311 923 4376 ’λναξιμᾰνδρῳ
939 4317 980 4363 καὶ

207 4373 283 4426 ἄλλοις
294 4373 385 4427 πολλοῖς
400 4375 459 4422 πολὺ
474 4374 576 4428 δέδωκας
591 4375 711 4439 ἀργύριον,
728 4379 791 4427 ὥστε
805 4381 872 4430 οὐδὲν
888 4383 916 4430 σὲ
933 4390 980 4431 τῶν

207 4442 293 4488 πολλοῦ
305 4441 374 4496 ἀξίων
384 4443 470 4499 λέληθε.

240 4510 296 4569 (Μ)
313 4509 397 4558 suidas
412 4524 434 4558 ν.
453 4511 596 4574 Ἀντίμαχος.
619 4515 664 4562 cul
684 4527 728 4564 cur
743 4517 815 4566 tidem
828 4519 981 4584 denegarent

207 4579 382 4696 Supellenberg.
402 4580 433 4628 ad
444 4581 580 4631 Antimach.
598 4595 622 4644 p.
638 4587 787 4644 18,eausam
805 4587 914 4639 idoneam
932 4606 980 4643 nou

206 4648 232 4696 νῑ
250 4660 286 4696 eo.

240 4717 308 4780 (Μ’)
327 4719 418 4770 Platon.
442 4724 490 4769 ton.
503 4735 528 4782 p.
544 4724 599 4781 650,
616 4725 644 4772 D.
665 4726 709 4772 ton
726 4725 757 4774 ad
772 4729 894 4778 Socratem
904 4731 979 4783 dicit:

209 4787 282 4848 Οἶμαι
292 4788 394 4836 κάλλιστ’
405 4789 530 4852 ἀνθρώπων
544 4792 616 4850 λέγειν
626 4795 676 4855 περὶ
686 4796 804 4858 Ὀμήρου,
820 4801 852 4854 ὼς
866 4802 919 4849 οὔτε
933 4805 980 4860 tta-

128 4889 133 4898 .
209 4856 321 4918 τρόδωρος
341 4859 353 4904 ὁ
372 4861 531 4920 Λαμψακηνὸς
554 4861 608 4909 οὔτε
630 4865 981 4930 Στησίμὸροτοςδθιίσιος
1026 4900 1032 4910 -

210 4927 262 4974 οὔτε
272 4927 381 4975 Γλαύκων
391 4929 443 4976 οὔτε
453 4931 520 4984 ἄλλος
532 4929 604 4986 οὐδεὶς
612 4936 658 4980 τῶν
668 4935 763 4984 πώποτε
773 4939 901 4998 γενομένων
911 4941 981 5004 ἔσχεν

208 4997 281 5109 {laelii
291 4996 353 5044 οὕτω
366 4997 452 5052 πολλὰς
465 4999 504 5045 καὶ
520 4999 591 5054 καλὰς
602 5001 704 5059 διανοίας
723 5007 774 5066 περὶ
788 5006 907 5070 Ὁμήρου,
923 5001 981 5066 ὅσας

224 5079 267 5124 για.

1018 2162 1094 2210 mus,
1108 2146 1203 2197 omnia
1209 2145 1265 2220 uni
1276 2142 1415 2198 debentur
1427 2145 1589 2214 Plutarcho,
1605 2147 1654 2217 qui
1664 2147 1799 2201 Pericleae

1020 2231 1105 2284 aetatis
1130 2219 1297 2302 scriptorem
1318 2247 1378 2283 non
1398 2229 1597 2303 negligendum
1620 2231 1716 2300 duxit,
1745 2235 1799 2287 etsi

1019 2315 1092 2370 bene
1121 2316 1192 2370 vidit
1207 2334 1266 2369 uon
1279 2314 1414 2386 majorem
1432 2314 1490 2386 ejus
1516 2335 1600 2388 quam
1618 2304 1799 2373 comicorum

1019 2404 1144 2474 ejusdem
1156 2405 1288 2476 temporis
1296 2414 1443 2476 poetarum
1455 2421 1511 2457 esse
1522 2407 1726 2464 auctoritatem.
1741 2407 1799 2464 Χα·

1020 2488 1152 2546 λεπδνκαλ
1161 2487 1322 2566 δυσθήρατον
1333 2487 1434 2566 ἱστορίᾳ
1457 2489 1582 2558 τάληθὲς,
1596 2491 1691 2550 ὅταν...
1713 2497 1730 2562 ἡ
1744 2498 1798 2551 τῶν

1020 2566 1137 2643 πράξεων
1148 2566 1192 2624 καὶ
1210 2570 1262 2623 τῶν
1276 2565 1339 2643 βίων
1353 2567 1484 2635 ἡλικιῶτις
1494 2567 1596 2645 ἱστορία
1610 2568 1643 2624 τδι
1663 2568 1711 2644 μὲν
1729 2574 1796 2650 φθό-

1020 2674 1071 2717 νοις
1080 2651 1125 2709 καλ
1134 2651 1308 2727 δυσμενείαις,
1319 2651 1352 2708 τδι
1360 2653 1387 2710 δὲ
1398 2654 1555 2732 χαριζομένη
1562 2658 1606 2712 καλ
1616 2657 1799 2717 κολακεύουσα

1021 2737 1178 2813 λυμαίνηται
1192 2738 1237 2796 καί
1250 2737 1390 2817 διαστρέφῃ
1404 2739 1451 2810 τὴν
1468 2739 1600 2809 ἀλήθειαν.
1615 2744 1656 2801 Ita
1682 2749 1798 2804 Plutar-

1021 2828 1089 2881 chus
1103 2825 1181 2900 (Per.
1202 2846 1228 2881 c.
1246 2827 1297 2901 ιδ)
1313 2829 1435 2882 comicos
1448 2838 1477 2883 et
1496 2831 1710 2886 Stesimhrotum
1724 2853 1797 2907 per-

1020 2914 1171 2986 stringens,
1182 2915 1232 2985 qui
1241 2913 1278 2968 de
1288 2914 1399 2966 Periclis
1408 2912 1530 2991 ἀσελγείᾳ
1537 2918 1666 2971 immania
1677 2922 1798 2975 menda-

1022 3000 1063 3053 cia
1075 3011 1242 3072 sparserant.
1256 3001 1297 3054 Ac
1308 3000 1505 3055 Stesimhrotus
1516 3002 1629 3073 quidem
1643 3005 1799 3061 nefandum

1022 3104 1086 3140 cum
1106 3105 1196 3141 uxore
1211 3085 1261 3141 filii
1277 3088 1477 3142 commercium
1492 3089 1518 3142 ei
1533 3087 1678 3146 assmxeret
1697 3093 1748 3166 (fr.
1765 3115 1797 3166 9,

1025 3172 1228 3246 10).Eundem
1242 3174 1377 3228 Periclem
1388 3174 1444 3228 alio
1458 3175 1523 3228 loco
1537 3175 1586 3248 (ir.
1606 3196 1636 3231 11
1649 3178 1657 3251 )
1672 3197 1726 3252 per
1737 3181 1800 3237 dies

1022 3261 1145 3332 integros
1167 3259 1203 3314 de
1217 3252 1329 3332 ineptiis
1347 3278 1409 3313 cum
1432 3262 1588 3336 Protagora
1607 3263 1799 3338 disputantem

1021 3345 1185 3400 introducit.
1202 3346 1285 3401 Haud
1295 3348 1423 3401 meliores
1431 3365 1523 3402 mores
1532 3350 1630 3404 tribuit
1641 3353 1799 3409 Themisto·

1022 3433 1072 3499 cli,
1089 3432 1166 3502 cujus
1185 3433 1331 3486 historiam
1348 3434 1420 3487 miro
1444 3447 1604 3490 commento
1625 3437 1800 3495 adulteravit

1024 3517 1073 3590 (fr.
1092 3515 1151 3593 ra).
1161 3520 1267 3573 Contra
1289 3520 1435 3574 Cimonem
1450 3531 1583 3592 tanquam
1596 3525 1694 3595 priscae
1707 3528 1801 3580 virtu-

1022 3607 1057 3658 tis
1069 3605 1229 3677 exemplum
1243 3617 1450 3677 repraesentasse
1462 3608 1583 3662 videtur.
1600 3610 1735 3665 Absunta
1747 3615 1792 3668 Ci-

1022 3709 1106 3745 mone
1118 3688 1251 3763 στωμυλία
1272 3694 1323 3746 ista
1334 3704 1362 3748 et
1373 3691 1500 3762 δεινότης,
1516 3714 1584 3767 qrras
1599 3695 1686 3768 jactat
1698 3701 1802 3773 vulgus

1022 3780 1245 3846 Atheniensium,
1259 3798 1319 3832 non
1330 3782 1412 3834 callet
1420 3783 1554 3836 musicam
1563 3794 1591 3837 et
1601 3803 1663 3856 quae
1672 3785 1800 3856 ejusdem

1022 3866 1132 3938 generis
1144 3875 1216 3918 artes
1229 3876 1309 3933 sunt;
1324 3864 1372 3921 sed
1385 3868 1430 3920 vir
1443 3877 1484 3922 est
1497 3870 1611 3941 γενναῖος
1624 3868 1669 3925 καὶ
1682 3870 1800 3941 ἀληθὴς,

1022 3953 1222 4023 Spartanorum
1236 3953 1439 4023 simplicitatem
1458 3972 1516 4026 prae
1532 3973 1562 4009 se
1575 3955 1668 4011 ferens
1679 3959 1799 4032 aliisque

1023 4037 1237 4105 commendans,
1254 4037 1377 4110 denique
1399 4051 1505 4095 tantum
1528 4061 1588 4097 nou
1607 4043 1743 4100 Hercules
1764 4043 1800 4101 τὰ

1023 4121 1124 4199 μέγιστ’
1140 4121 1234 4197 ἀγαθός
1254 4124 1308 4197 (ir.
1329 4125 1374 4200 3).
1393 4129 1473 4182 Patet
1488 4129 1634 4186 Cimonem
1650 4132 1728 4202 justo
1745 4153 1799 4188 ru-

1023 4211 1132 4265 diorem
1145 4210 1228 4286 fingi,
1249 4223 1282 4265 ut
1305 4214 1381 4279 omni
1399 4215 1487 4270 modo
1507 4229 1670 4290 opponatur
1683 4221 1798 4280 Pericli.

1023 4299 1154 4352 Similiter
1176 4297 1365 4354 efformaverit
1384 4302 1594 4375 Thucydidem,
1615 4307 1733 4361 llelesiae
1758 4307 1798 4375 ί,

1023 4384 1146 4437 Cimonis
1157 4382 1279 4452 affinem,
1291 4397 1460 4457 perpetuum
1469 4389 1582 4444 Periclis
1595 4391 1797 4459 adversarium,

1023 4481 1211 4524 accusatorem
1225 4473 1398 4546 Anaxagorae
1412 4472 1509 4548 (Diog.
1528 4479 1561 4533 L.
1576 4478 1620 4544 11,
1636 4477 1706 4551 39),
1721 4497 1798 4551 prae—

1023 4557 1218 4610 stantissimum
1232 4556 1359 4612 factionis
1371 4561 1566 4618 aristocraticae
1578 4564 1795 4620 instrumentum

1026 4648 1069 4708 (ν.
1080 4643 1209 4701 Sintenis.
1223 4643 1259 4697 ad
1273 4645 1346 4698 Plut.
1362 4646 1422 4700 Per.
1433 4666 1458 4701 c.
1478 4667 1508 4703 τι
1520 4689 1528 4716 ,
1540 4667 1569 4722 p.
1580 4668 1633 4720 ¹¹7
1645 4652 1718 4724 οφ).
1731 4655 1800 4708 Pro·

1025 4728 1069 4780 cul
1081 4727 1169 4782 dubio
1183 4729 1379 4786 Stesimhrotus
1389 4751 1462 4788 unus
1472 4734 1526 4788 fuit
1536 4754 1651 4804 eorum,
1665 4739 1713 4809 qui
1721 4741 1800 4810 opti-

1024 4814 1140 4866 matium
1162 4816 1288 4887 partibus
1307 4816 1414 4872 addicti
1428 4821 1619 4878 Themistoclis
1631 4833 1660 4878 et
1683 4825 1800 4880 Periclis
1868 4878 1872 4882 .

1024 4900 1154 4957 institutis
1170 4899 1345 4974 disciplinam
1364 4905 1509 4977 publicam
1523 4919 1685 4982 corruptam
1698 4921 1727 4964 et
1744 4929 1798 4965 an-

1026 4987 1130 5056 tiquam
1144 5005 1257 5042 morum
1279 4993 1466 5047 austeritatem
1489 4995 1518 5047 iu
1540 4995 1674 5050 effrenem
1696 5000 1799 5069 populi

1025 5071 1163 5126 licentiam
1171 5071 1347 5145 dissolutam,
1360 5079 1551 5153 Thucydidem
1566 5081 1697 5155 deniqne,
1706 5085 1796 5136 vinam
