3834 5767
131 345 186 406 ²³6
753 325 969 396 ulcAEtacttt
990 337 1164 397 tttsssn'tt

129 467 208 524 αὐτοῦ
222 465 293 545 παρὰ
308 465 478 544 Ἡροδότῳ....
496 465 560 544 Περὶ
570 465 597 522 δέ
609 468 659 522 τῶν
670 465 778 542 χρόνων,
791 465 849 522 καθ’
858 465 900 530 οθς
949 481 1134 543 opponuntur
1147 470 1214 535 sibi,
1227 470 1294 522 nihii
1317 470 1421 524 habent
1434 489 1600 542 comntunc;
1614 473 1638 525 si
1654 461 1728 525 conz

129 551 228 626 ἐγένετο
248 554 428 632 Σεσόγχωσις,
445 555 459 609 θ
479 551 525 627 μὲν
537 551 706 618 Ἀπολλώνιος
727 558 803 609 τοῦτο
826 553 902 627 μόνον
945 555 1112 630 junguntur,
1127 556 1339 627 conjunguntur
1349 557 1452 629 inepte.
1467 559 1529 612 Hoc
1541 569 1618 612 certe
1630 559 1730 611 vitarit

130 641 208 717 φησὶ,
221 638 318 705 πολθς
335 637 397 718 γδρ
412 639 490 708 ιίδην
506 637 702 708 ἐπενήνοθεν
726 639 817 696 αἰών·
839 639 902 717 φησὶ
949 644 1087 697 Parisinus
1096 643 1197 708 codex,
1208 641 1286 712 cujus
1298 654 1440 697 auctorem
1451 646 1472 697 si
1487 645 1727 698 Buttmannussua

130 725 158 781 δὲ
172 725 329 804 Δικαίαρχος
343 727 370 782 έν
382 722 492 803 δευτέρῳ
509 723 554 781 καί
568 723 724 796 Ἑλληνικοῦ
736 724 792 802 βίου
804 726 903 799 Σεσογ-
949 730 1192 802 evulgatisnostris
1200 729 1312 783 scholiis
1322 733 1488 802 excerpsisse
1497 741 1588 803 putat,
1598 733 1683 785 salsus
1689 743 1730 784 est

130 811 223 890 χώσιδι
246 812 437 888 μεμιληκέναι·
454 813 499 870 καὶ
516 812 608 888 νόμους
623 811 701 870 αὐτὸν
715 813 803 869 θέσθαι
823 811 904 886 λέγει,
950 814 1125 870 hauddubie.
1137 817 1269 886 Utrisque
1281 816 1392 869 scholiis
1403 817 1519 871 uberior
1527 817 1589 872 sons
1599 837 1730 870 commu-

129 898 196 956 ὥστε
210 901 308 976 μηδένα
327 900 479 956 καταλιπεῖν
494 898 540 969 τὴν
552 899 676 979 πατρῴαν
697 896 809 975 τέχνην·
822 902 903 955 τοῦτο
922 939 923 942 =
949 901 1205 955 nissubessedebet.
1218 901 1301 971 Quod
1308 920 1407 956 nones
1418 915 1514 957 nostro
1527 905 1643 975 quidem
1651 905 1728 969 loco,

131 985 181 1064 γδιρ
192 984 257 1064 ᾤετο
274 985 357 1064 ἀρχὴν
373 975 438 1042 εἶναι
452 984 616 1052 πλεονεξίας·
637 985 681 1041 καὶ
701 983 802 1061 πρῶτόν
823 1004 902 1062 φασιν
949 1005 1085 1042 verumex
1093 989 1152 1043 aliis
1164 990 1514 1063 compluribuscolligitur.
1526 994 1727 1056 Recteautem,

132 1077 139 1151 ί
156 1073 273 1150 partui)
297 1073 373 1130 αὐτὸν
386 1072 521 1151 εὑρηκέναι
544 1071 632 1129 ἵππων
648 1071 781 1150 ἄνθρωπον
798 1068 905 1128 έπιῦαί-
950 1092 1010 1128 mea
1025 1075 1139 1146 quidem
1152 1077 1296 1143 sententia,
1308 1078 1491 1131 Buttmannus
1506 1087 1621 1132 annotat
1639 1079 1699 1131 haec
1721 1097 1729 1133 :

131 1181 191 1216 νειν.
206 1162 241 1218 0t
253 1158 279 1216 δέ
292 1164 375 1215 ταῦτα
387 1160 422 1222 εἷς
431 1149 514 1236 Ὦρον
528 1157 705 1238 αἰναρέρουσιν.
951 1185 963 1209 ι
974 1164 1151 1234 Quamquam
1162 1163 1221 1217 sola
1234 1163 1282 1218 itta
1292 1173 1452 1236 temporum
1469 1167 1632 1218 constitutio
1646 1167 1731 1218 certis

171 1265 220 1304 att.
244 1245 304 1321 ἨέΙ
317 1245 373 1303 καὶ
388 1244 421 1303 οὗ
438 1265 445 1304 :
467 1243 504 1305 Ἦ
521 1243 572 1324 γθρ
590 1243 756 1302 έκλιλοίπασί
776 1265 841 1305 τινες
854 1247 905 1300 τῶν
950 1249 1042 1302 verbis
1055 1249 1157 1303 horum
1167 1250 1382 1322 compilatorum
1389 1254 1561 1323 primavitae
1569 1252 1682 1307 Graeciae
1695 1254 1730 1305 ti-

130 1331 241 1402 πόλεων,
257 1331 274 1401 ἢ
290 1337 519 1406 ρετονομασθεῑσαι
538 1334 689 1407 ἀγνοοῦνται
705 1329 746 1410 θῖν’
760 1322 790 1387 οῦ
806 1328 905 1408 τυγγί-
950 1335 1004 1388 bro
1016 1335 1167 1409 tribuatur,
1182 1346 1276 1390 tamen
1293 1347 1385 1392 cetera
1393 1357 1528 1410 quoque,
1546 1340 1596 1392 etsi
1610 1341 1731 1392 secundo

130 1439 216 1476 νουσιν
231 1418 395 1493 έκτισμέναι·
415 1416 506 1475 τούτου
523 1415 549 1474 δέ
563 1417 606 1474 τθν
622 1416 715 1495 χρόνον
730 1417 812 1473 αἴτιον
828 1437 903 1492 γεγε·
951 1421 1025 1474 libro
1035 1421 1266 1494 abillisascripta‚
1277 1421 1314 1476 ad
1323 1425 1557 1495 primumiibrum
1565 1427 1730 1498 pertinuisse

133 1507 236 1571 νῆσθαι.
277 1503 436 1582 Δικαίαρχος
450 1505 477 1560 ἐν
498 1501 594 1582 πρώτῳ
611 1502 678 1580 μετὰ
691 1502 734 1560 τθν
751 1499 847 1568 Ὶσιδος
860 1501 905 1559 καλ
951 1525 1010 1560 non
1026 1509 1084 1562 sine
1104 1527 1197 1563 caussa
1216 1510 1396 1581 suspicamur.
1418 1537 1429 1556 ν
1453 1512 1558 1565 Contra
1576 1513 1731 1565 Bnnsenius

133 1588 261 1669 Ὀσίριδος
274 1582 357 1669 Ὦρον
374 1591 484 1668 βασιλέα
498 1589 631 1667 γεγονέναι
644 1589 810 1667 Σεσόγρωσιν
825 1588 904 1666 λέγει,
951 1595 1088 1666 AEgrpten
1100 1595 1215 1650 tomlll
1223 1594 1462 1670 (urkundenbuch)
1468 1616 1495 1669 p.
1509 1611 1581 1666 722«
1592 1597 1729 1669 Equidem

132 1675 201 1734 ὥστε
215 1678 348 1755 γίγνεσθαι
368 1678 420 1735 tat
434 1682 480 1746 τῆς
496 1677 690 1756 Σεσογρώσιδος
706 1677 837 1754 βασιλείας
859 1675 906 1750 μέ·
951 1690 1027 1732 recte
1036 1697 1093 1732 sese
1103 1680 1207 1733 habere
1218 1680 1357 1734 librorum
1369 1681 1627 1737 denominationem
1638 1683 1730 1736 credi·

133 1786 179 1841 χρι
203 1769 249 1834 τῆς
272 1765 367 1824 Νείλου
382 1765 426 1835 έτη
442 1766 556 1842 δισχίλια
577 1766 614 1842 φ’,
629 1763 680 1821 ἀπὸ
702 1763 729 1820 δὲ
744 1767 789 1834 τῆς
812 1763 905 1822 Νείλου
953 1766 1042 1820 derim
1055 1782 1062 1821 τ
1076 1783 1141 1818 nam
1155 1767 1285 1839 inprimo
1295 1767 1368 1820 libro
1378 1769 1568 1837 Dicaearchus,
1578 1781 1728 1841 antequam

134 1851 267 1926 βασιλείας
276 1849 357 1930 μέχρι
370 1855 416 1920 τῆς
428 1851 533 1930 πρώτης
547 1850 705 1926 ὀλυμπιάδος
725 1849 770 1920 ἔτη
785 1850 856 1924 υλς’,
872 1853 906 1914 έις
953 1852 989 1906 dc
1005 1853 1070 1924 ipsis
1082 1851 1245 1907 Graecorum
1263 1854 1475 1925 antiquitatibus
1491 1865 1519 1908 et
1540 1855 1679 1909 historicis
1703 1873 1731 1910 et

133 1926 199 1992 that
212 1935 244 1992 τθι
257 1935 343 1994 πάντα
357 1940 420 2011 ὁμοῦ
433 1937 477 2006 έτη
493 1937 607 2015 δισχίλια
622 1936 757 1994 ἐννακόσια
774 1935 827 2001 λς’.
953 1939 1148 2012 geographicis
1169 1949 1278 2011 ageret,
1305 1941 1414 2012 generis
1431 1942 1546 1996 humani
1572 1943 1731 2013 primordia

173 2025 277 2081 Eadem
290 2045 305 2079 e
320 2026 418 2081 codice
434 2027 576 2082 Parisino:
594 2022 660 2100 Περὶ
671 2028 716 2080 τοῦ
733 2021 907 2102 Σεσογχώσι·
954 2025 1228 2097 veterrimorumque
1249 2026 1425 2097 populorum
1447 2027 1592 2081 historiam
1619 2029 1732 2082 videtur

134 2109 176 2174 δας
186 2109 264 2186 λέγει.
278 2101 362 2172 Obrue
372 2109 422 2188 γέιρ
435 2109 568 2186 Αἰγύπτου
576 2110 660 2180 πάσης
671 2107 826 2188 βασιλεύσας
841 2109 907 2185 perh
954 2111 1110 2185 digessisse,
1135 2113 1167 2164 in
1175 2113 1264 2165 altem
1277 2129 1337 2164 rem
1353 2114 1463 2167 civitem
1477 2115 1516 2168 ita
1538 2126 1682 2183 tractasse,
1700 2125 1733 2168 ut

133 2187 229 2274 Ὦρον,
241 2194 285 2254 τὸν
300 2197 426 2276 Ὀσίριδις
440 2198 484 2254 καὶ
499 2194 594 2262 Ἴσιδος
605 2197 701 2268 παῖδα,
723 2197 770 2265 τήν
783 2219 811 2253 τε
822 2196 908 2254 Ἀσίαν
954 2199 1208 2270 primum-civitatis
1233 2199 1387 2271 originem,
1407 2199 1510 2254 deinde
1524 2203 1730 2280 antiquissimas

134 2283 251 2361 ὁρμήσας
266 2292 354 2342 πᾶσαν
373 2283 566 2363 κατεστρέψατο
578 2283 622 2340 καλ
644 2283 710 2362 μέρη
732 2284 842 2341 πλεῖστα
862 2286 907 2351 τῆς
955 2287 1099 2340 civitatum
1112 2285 1233 2352 formas,
1247 2295 1306 2338 tum
1317 2287 1481 2341 Graecorum
1488 2299 1581 2343 mores
1590 2299 1674 2361 atque
1689 2291 1732 2343 in·

134 2367 271 2450 Εὐρώπης.
284 2369 465 2450 Ἄκριθέστερα
482 2371 569 2448 (λον)
585 2368 611 2426 δὲ
625 2369 657 2427 τθ
666 2368 725 2448 περλ
740 2370 816 2426 αὐτοῦ
829 2367 907 2447 Ἱλρό-
954 2374 1048 2426 stituta
1059 2383 1124 2426 ante
1136 2374 1234 2426 ocutos
1246 2383 1374 2446 poneret.
1386 2373 1480 2444 Quare
1499 2376 1569 2428 iilud
1587 2375 1730 2447 fragmen-

135 2460 208 2523 δοτος
219 2459 377 2533 διηγεῖται...
397 2457 462 2536 Περὶ
477 2455 504 2513 δέ
518 2454 575 2522 τοὺς
588 2455 709 2533 χρόνους,
722 2455 780 2513 καθ’
795 2455 837 2520 οθς
853 2453 909 2532 έγέ·
950 2471 1031 2530 tum,
1053 2478 1111 2531 quo
1138 2461 1211 2532 regis
1227 2458 1360 2513 definitur
1382 2472 1461 2528 retas,
1481 2480 1516 2515 ex
1538 2464 1650 2534 prim03
1674 2482 1732 2536 quo

134 2547 223 2602 νετοθ
252 2545 411 2622 Σέσωστρις,
435 2542 603 2608 Ἀπολλώνιος
619 2541 645 2600 δέ
657 2549 732 2600 τοῦτο
745 2541 821 2618 μόνον
834 2541 908 2620 ρησί·
956 2548 1079 2600 instituta
1097 2546 1133 2599 ad
1160 2547 1263 2600 civium
1280 2547 1366 2599 vitam
1383 2549 1566 2619 pertinentia,
1588 2568 1623 2603 ex
1641 2551 1732 2605 attero

134 2631 237 2698 πολὺς
251 2630 399 2710 γθρέδην
415 2630 615 2699 ἐπενήνοθεν
637 2628 730 2686 αίών·
753 2627 911 2707 Δικαίαρχος
956 2632 1134 2704 desumptum
1147 2643 1221 2687 est.»
1237 2633 1344 2703 Quibus
1355 2651 1500 2688 vereorne
1512 2636 1542 2687 iu
1557 2634 1682 2689 diversos
1699 2637 1733 2689 ti-

136 2717 163 2775 δέ
180 2721 207 2777 έν
222 2719 246 2773 α’
262 2717 327 2792 μετὰ
339 2717 382 2773 τὸν
401 2716 525 2794 Ὀσίριθις
537 2715 581 2772 καὶ
594 2707 784 2794 ῚσιδοςὮρον
801 2713 910 2792 βασιλέα
955 2719 1022 2772 bros
1034 2719 1224 2790 dispescamus
1241 2737 1303 2790 quae
1317 2730 1348 2772 ut
1363 2737 1460 2773 revera
1478 2718 1628 2789 conjuncta
1646 2733 1732 2788 sunt,

136 2805 200 2884 ρησὶ
220 2803 352 2880 γεγονέναι
375 2803 537 2880 Σέσωστριν·
552 2802 619 2860 ὥστε
633 2804 766 2879 γίγνεσθαι
789 2803 840 2859 ἀπὸ
862 2799 909 2876 μὲν
954 2806 993 2858 εἰσ
1001 2805 1172 2874 conjunctim
1184 2804 1366 2877 philosophus
1374 2807 1543 2878 exposuerit.
1553 2807 1645 2860 Atiam
1655 2807 1733 2860 diffi-

32 2972 34 2976 .
136 2898 181 2962 τῆς
192 2890 367 2970 Σεσιίιστριθος
385 2891 517 2968 βασιλείας
531 2887 609 2968 μέχρι
622 2895 665 2948 τοῦ
678 2889 772 2950 Νείλου
787 2888 830 2960 ἔτη
845 2889 909 2970 pp,
956 2893 1086 2945 cultatem
1098 2902 1212 2944 movent
1226 2889 1409 2968 rerbatpnoi
1420 2887 1446 2945 δὲ
1457 2889 1617 2968 Δικαίαρχος
1627 2892 1654 2946 έν
1671 2891 1733 2947 δευ-

136 2978 188 3036 οίπθ
200 2978 211 3055 [
222 2974 269 3060 δέ]
282 2982 328 3046 τῆς
339 2977 432 3036 Νείλου
442 2975 576 3054 βασιλείας
585 2976 662 3054 μέχρι
670 2981 715 3048 τῆς
723 2977 747 3034 α’
760 2975 910 3052 Ὀλυμπιέ-
955 2973 1022 3054 τέρῳ
1037 2975 1082 3032 καὶ
1097 2974 1252 3042 Ἑλληνικοῦ
1269 2975 1325 3052 βίου
1341 2974 1520 3053 Σεσογρώσιδι
1542 2977 1733 3052 μεμεληκέναι.

136 3067 177 3129 θος
190 3064 235 3134 έτη
248 3065 314 3135 υλς’,
329 3067 364 3129 ὡς
375 3053 441 3121 εἶναι
452 3063 483 3120 τὰ
495 3063 581 3120 πάντα
591 3068 654 3139 tuot
667 3062 711 3132 έτη
723 3067 781 3142 ,βἸο
791 3063 843 3128 λς’.
857 3061 910 3120 Καὶ
955 3065 1075 3119 Fuhrius
1085 3083 1114 3136 p.
1133 3083 1184 3118 τοι
1206 3063 1242 3118 de
1253 3065 1296 3118 his
1305 3067 1342 3119 ita
1354 3067 1466 3120 statuit:
1485 3091 1497 3113 ι
1512 3068 1547 3120 ln
1554 3068 1648 3138 primo
1659 3069 1734 3123 libro

137 3151 230 3228 νόμους
244 3149 271 3208 δέ
285 3150 355 3226 λέγει
376 3150 535 3229 Δικαίαρχος
550 3145 626 3207 αὐτόν
639 3153 795 3222 τεθεικέναι,
811 3148 911 3222 μηδένα
955 3153 1003 3206 ilia
1022 3153 1107 3226 magis
1126 3153 1255 3206 universa
1271 3154 1409 3224 expositio
1433 3154 1634 3226 chronologica
1648 3166 1677 3208 et
1687 3175 1734 3210 se·

139 3238 267 3295 ἐκλείπειν
278 3240 326 3307 τὴν
336 3236 460 3316 πατρῴαν
479 3235 586 3314 τέχνην·
601 3241 675 3294 τοῦτο
689 3236 739 3314 γθιρ
750 3235 814 3314 ᾤετο
826 3235 910 3314 ἀρχὴν
957 3239 1053 3293 cundo
1085 3239 1231 3312 singularis
1244 3238 1280 3292 de
1298 3241 1356 3293 vita
1379 3240 1475 3296 Graeca
1495 3259 1511 3294 a
1528 3241 1735 3296 sesonchoside

139 3317 204 3384 ebat
218 3323 376 3390 πλεονεξίας·
391 3323 436 3380 καί
445 3327 547 3402 πρῶτον
562 3321 588 3380 δέ
601 3321 736 3402 εὑρηκέναι
747 3321 836 3379 ἵππων
851 3325 909 3379 tm-
956 3327 987 3379 in
998 3323 1247 3400 AEgyptorecepta
1270 3328 1369 3380 relatio
1384 3329 1585 3398 comprehensa
1610 3329 1672 3382 tuit.
1698 3331 1735 3383 In

138 3411 236 3469 θαίνειν
244 3405 482 3484 αίνθριιπσν.Ἀλλοι
491 3409 604 3466 δὲταῦτα
612 3401 737 3487 είςὮρον
747 3409 910 3490 ἀναφέρουσι·
957 3414 1114 3485 posteriore
1131 3413 1178 3466 itta
1202 3431 1233 3466 re
1246 3413 1382 3467 tradenda
1394 3415 1585 3468 Dicaearchum
1600 3415 1734 3470 credide-

138 3497 183 3555 καλ
197 3503 273 3555 τοῦτο
295 3496 323 3553 δέ
340 3518 403 3576 ρησι
419 3495 579 3575 Δικαίαρχος
591 3497 617 3553 ἐν
637 3493 660 3573 β’
686 3495 837 3565 Ἑλληνικοῦ
855 3494 911 3573 βίου
957 3502 1010 3554 rim
1033 3499 1290 3553 demonstraturum
1304 3499 1385 3553 fuisse
1401 3511 1576 3573 quantopere
1587 3502 1735 3575 peregrini

139 3585 299 3663 Σεσώστριδι
311 3582 496 3656 μεμεληκέναι.
956 3588 1043 3641 vitam
1056 3587 1180 3641 Graecam
1195 3588 1393 3658 respexissent,
1413 3605 1505 3658 neque
1529 3590 1670 3643 contraria
1684 3609 1733 3643 ra·

176 3671 214 3730 Ὀ
234 3695 264 3749 γε
284 3671 337 3746 μὴν
354 3669 522 3735 Ἀπολλώνιος
537 3667 624 3739 είπὼν,
652 3669 692 3726 ad
715 3669 770 3744 μέν
785 3667 818 3726 οῦ
840 3674 912 3726 ποθι
958 3676 1035 3727 tione
1053 3691 1117 3726 cum
1144 3673 1314 3727 Buttmanno
1334 3672 1654 3746 statuerimsignificare
1677 3693 1735 3728 ro-

137 3757 366 3824 ναιετάουσιν,
380 3754 552 3834 έπέγαγενηὲ
567 3755 622 3812 καὶ
636 3755 684 3813 οῦ·
696 3756 782 3825 δηλῶν
793 3752 835 3812 θιθ
853 3753 912 3812 τού·
958 3762 1054 3828 luisse,
1068 3770 1205 3832 quantum
1220 3761 1276 3814 vita
1290 3761 1389 3814 Graeca
1407 3761 1563 3833 peregrinis
1576 3760 1736 3826 debuisset,

137 3869 196 3916 του,
209 3845 248 3904 δτι
264 3848 291 3902 αἱ
304 3844 351 3920 μὲν
364 3848 414 3902 τῶν
429 3843 530 3901 πόλεων
543 3841 709 3900 παντάπασιν
719 3843 911 3916 ἐκλελοίπασιν,
958 3867 1020 3920 quae
1034 3846 1150 3918 quidem
1170 3847 1356 3918 plurimorum
1379 3848 1548 3918 scriptorum
1569 3848 1734 3902 fimorum

138 3937 164 3990 σί
177 3933 203 3991 δὲ
214 3932 461 4009 μετωνομάσθησαν,
476 3931 520 3989 καλ
529 3933 656 4008 ἀγνοεῖται
672 3934 713 4010 ὑφ’
728 3921 756 3987 οῦ
771 3928 911 4006 τυγχάνον·
957 3936 1092 3989 sententia
1116 3945 1166 3988 est.
1186 3933 1229 3990 Cf.
1249 3933 1369 3987 Diodor.
1383 3932 1415 4000 l,
1431 3933 1478 3990 30.
1501 3958 1513 3981 ν
1531 3935 1599 4004 Qnae
1617 3934 1734 4006 quidem

137 4045 176 4078 σιν
196 4020 353 4096 έκτισμέναι.
441 4042 444 4048 ’
958 4021 1056 4076 Fubrii
1068 4021 1203 4075 sententia
1214 4020 1325 4074 admitti
1338 4023 1444 4092 nequit.
1454 4022 1524 4074 Nam
1535 4021 1616 4092 quid,
1628 4039 1733 4092 quasa,

177 4112 284 4182 Quibus
295 4112 368 4164 inter
377 4129 404 4164 se
415 4111 592 4181 comparatis,
601 4119 676 4181 patet
685 4108 822 4161 scholium
834 4107 914 4160 Pari·
958 4106 1136 4162 Sesonchosis
1149 4126 1224 4164 anno
1238 4106 1313 4177 3722
1327 4126 1352 4164 a.
1367 4108 1397 4163 C.
1414 4108 1535 4162 eGraeca
1548 4109 1603 4160 vita
1612 4108 1735 4181 inAEgy·

137 4199 416 4270 sinmnvulgatucsse
430 4197 603 4250 concinnius.
620 4197 688 4249 Nam
701 4197 729 4248 in
742 4181 795 4249 i'et.
807 4195 914 4248 scholio
957 4195 1045 4265 ptiam
1070 4194 1251 4262 transtulisse,
1272 4193 1408 4266 quidnam
1429 4195 1580 4266 respexisse
1602 4195 1737 4266 putetur?

139 4285 223 4338 verba
238 4281 308 4356 θμέν
317 4279 485 4345 Ἀπολλώνιος
496 4281 552 4337 κτλ.
567 4291 594 4334 et
603 4278 667 4358 ρησί
682 4277 708 4334 δέ
720 4279 879 4356 Δικαίαρχος
888 4282 910 4334 si
960 4280 1146 4351 Quocumque
1160 4291 1186 4334 te
1199 4291 1305 4346 vertas,
1323 4298 1339 4334 e
1354 4281 1465 4354 vulgata
1478 4299 1587 4335 sensum
1604 4299 1735 4338 commo-

142 4446 292 4495 tttoaearchua
301 4458 358 4494 vero
367 4446 392 4494 in
404 4445 458 4494 Vita
470 4444 570 4494 Graeciae
579 4445 650 4492 ctiam
661 4441 755 4491 civitem
767 4443 840 4490 vitam
848 4455 913 4489 curre
959 4441 1125 4503 ginquttatem.
1146 4445 1200 4492 Jam
1216 4441 1281 4503 quod
1304 4445 1411 4504 tempora
1427 4443 1528 4502 attinet,
1545 4441 1633 4504 quibus
1646 4444 1739 4495 riserit

139 4524 252 4585 cordique
260 4523 331 4572 [trisse
341 4522 481 4572 sesonchosi
489 4521 562 4570 tradit
576 4533 646 4568 :nom
657 4519 707 4580 tege
721 4520 912 4568 abeosancitum
960 4520 1125 4580 sesonchosis,
1144 4521 1282 4582 Apottouius
1299 4521 1346 4569 boc
1361 4524 1456 4570 tantum
1477 4521 1536 4570 dicit
1554 4541 1561 4570 ε
1582 4524 1647 4572 sutis
1663 4527 1736 4572 entus

140 4617 190 4652 esse
205 4603 253 4664 att,
264 4615 294 4650 nc
304 4601 359 4662 quis
370 4601 490 4649 desereret
498 4603 575 4649 artem
590 4611 664 4659 quant
678 4599 745 4657 pater
760 4593 912 4645 exercuerit:
959 4599 1044 4646 :urrtta
1061 4601 1168 4646 interest
1179 4611 1309 4646 cunarum
1320 4601 1398 4647 series
1416 4613 1424 4644 :
1438 4598 1589 4648 hierarchas
1600 4611 1658 4648 sero
1672 4599 1735 4648 tibro

142 4682 163 4728 tt
176 4681 239 4729 enim
257 4677 364 4727 avaritias
375 4691 426 4726 esse
438 4677 532 4725 initium
549 4675 656 4738 putabat.
677 4677 748 4721 t‘orro
768 4687 842 4736 equos
857 4690 913 4724 con-
959 4674 1036 4736 primo
1047 4677 1101 4735 post
1117 4675 1225 4732 Horum,
1239 4673 1309 4724 Isidis
1320 4677 1344 4722 et
1356 4674 1555 4735 Osiridistitiom,
1569 4689 1648 4737 regem
1663 4675 1739 4728 rusae

141 4755 267 4804 scendeudi
283 4757 356 4815 atque
369 4752 465 4813 regendi
478 4753 600 4802 scientiam
614 4766 669 4800 eum
689 4752 794 4813 primum
808 4752 914 4801 auertisse
959 4753 1114 4802 Sesonclrosi'n
1125 4752 1171 4813 ait,
1182 4752 1242 4800 adeo
1256 4755 1306 4800 uta
1316 4753 1469 4801 βοεοιιολιοείε
1479 4766 1552 4814 regno
1563 4755 1678 4814 usquead
1687 4755 1739 4815 niti

141 4835 199 4881 dicit
224 4837 376 4892 Quamquam
388 4829 433 4877 boc
444 4829 483 4877 atii
495 4829 524 4878 ad
536 4832 626 4878 Ηοτιιιιι
637 4830 750 4878 reterunt.
960 4841 1058 4889 ragnum
1070 4831 1116 4877 sint
1126 4829 1181 4876 aum
1200 4835 1299 4887 2500‚a
1310 4829 1356 4877 h'iti
1367 4832 1449 4877 autem
1464 4841 1537 4890 regno
1550 4843 1625 4890 usque
1642 4831 1674 4878 ed
1683 4833 1737 4892 pri-

180 4910 306 4958 telettum
315 4905 374 4967 nou]
384 4906 499 4953 totentm
508 4917 557 4954 esse
567 4905 818 4953 ιίσείστιιιιιιιοιιιιιιΙΙα·Ι
828 4905 913 4952 tuarum
960 4919 1023 4953 mam
1033 4905 1198 4967 Olympiadem
1211 4906 1265 4952 anni
1276 4909 1334 4965 tao,
1347 4905 1448 4967 ideoque
1461 4918 1533 4953 omne
1544 4907 1648 4967 spatium
1656 4920 1743 4970 usqua

142 4989 250 5048 urbium,
260 4990 301 5034 aut
312 4985 406 5034 uomina
416 4993 491 5046 ηιιιιιιι
502 4984 647 5032 nttttaverint
659 4985 799 5047 igrioratura
811 4998 913 5046 ηιιιιιιοιιι
960 4981 989 5030 ad
1002 4981 1039 5029 ΟΙ.
1054 4991 1062 5031 1
1074 4981 1103 5031 sit
1117 4995 1233 5029 annorum
1243 4985 1312 5029 asts.

141 5067 187 5114 sint
201 5065 311 5114 conditu.
328 5062 405 5122 ttujos
415 5075 471 5111 vero
482 5075 578 5109 causam
593 5061 662 5109 tuisse
672 5061 726 5108 dicit
739 5063 851 5121 trrrtporis
866 5063 913 5109 tou·
