3834 5767
786 374 974 434 celtlhchl
995 375 1174 436 souehsls

188 507 288 582 διαρκεῖ
310 505 372 580 πρὸς
394 503 489 582 φιλίαν.
518 499 710 560 Καταναλίσκει
732 501 782 580 γὰρ
796 505 810 558 θ
823 501 912 582 χρόνος
931 501 962 561 τδ
1005 505 1051 560 καί
1071 506 1205 574 πολιτικῆς
1230 503 1362 580 δυνάμεως
1383 506 1557 578 κτησάμενος,
1576 505 1606 560 ού
1627 505 1781 584 συνετάραξε

188 597 233 649 τοῦ
247 589 459 669 προσποιήματος
471 591 554 646 αὐτῶν
566 591 667 668 ψεῦδος.
684 589 718 648 ‘0
730 589 752 647 δ’
763 589 873 668 iperet:
882 588 962 656 κόλαξ
1005 598 1093 647 πᾶσαν
1104 589 1290 661 τὴνἙλλάδα,

188 677 244 736 ἐστὶ
257 677 342 756 φιλίας
356 678 389 734 δι’
403 675 472 754 ὥραν
486 674 503 744 ἢ
517 675 619 740 κάλλος.
637 702 649 726 ν
1369 677 1418 732 36.

548 779 595 835 33.
1045 777 1123 836 Idem
1131 769 1592 856 ΧΙΙΙ,ρ.θοΞ,1)ε’ορᾶτεούνκαί
1602 779 1704 852 ύμιῖςοί
1715 780 1785 857 φιλό·

227 883 306 938 reem
319 882 534 956 x111,p.5ou,
550 886 594 937 u:
614 877 683 958 πρὸς
695 877 818 948 ottones
830 879 899 957 γὰρ,
913 901 960 936 ιι.
1005 887 1095 944 σου,
1107 868 1131 924 οἱ
1142 863 1215 944 παρὰ
1230 865 1350 946 otoni
1364 864 1500 942 Ἀνενδίτε
1518 863 1648 941 κενίιννοι
1664 865 1709 923 set
1722 867 1784 922 ἄσε-

189 968 270 1048 θάπερ
284 967 347 1047 φησί
368 967 502 1047 Κλέαρχος
523 969 548 1024 έν
569 971 607 1025 τῶ
620 965 716 1046 πρώτῳ
729 971 781 1024 τῶν
802 965 961 1046 Ἐρωτικῶν,
1005 949 1454 1025 ὄθῧνῗῑ<ῑίςῖλνθῑὸννμῆῖὸναῦῐὸν
1467 949 1782 1027 δίαγθῦρῆτῑῑρόπῡνίθῦ

190 1053 380 1134 Λυκοφρονίδην
390 1053 519 1134 είρηκέναι
531 1029 619 1132 φησίν·
1004 1035 1032 1093 δν
1041 1037 1183 1112 Φαρσαλία
1190 1035 1231 1093 διά
1239 1035 1286 1106 τὴν
1295 1041 1339 1093 τοῦ
1347 1041 1404 1094 θεοῦ
1412 1040 1489 1110 μῆνιν
1499 1037 1709 1112 διασπασθεῖσα).
1717 1038 1784 1095 Τότε

1005 1119 1774 1200 γάρκαὶοίπαῖδέςείσικαλοί,ὡςΓλυκέραίφεσκενἡἑταίρα

1005 1205 1064 1265 ὅσον
1074 1207 1174 1265 ἐοίκασι
1183 1207 1285 1284 γυναικί
1295 1208 1398 1285 χρόνον,
1409 1207 1631 1284 καθάπερίστορεί
1637 1209 1781 1286 Κλέαρχος.

1044 1297 1125 1351 Idem
1133 1300 1254 1370 xl11,p.
1263 1299 1331 1364 605,
1341 1299 1364 1351 E
1376 1317 1383 1350 :
1395 1293 1485 1370 Ὑμεῖς
1494 1283 1565 1362 tini
1575 1294 1726 1373 φιλόσοφοι,
1736 1297 1785 1351 κάν

1008 1379 1157 1458 ἐρασθέντες
1167 1383 1230 1438 ποτὲ
1238 1383 1366 1458 γυναικῶν
1376 1381 1402 1436 έν
1413 1378 1496 1458 ἔννοίφι
1506 1377 1605 1448 λάθητε
1613 1381 1648 1442 ὡς
1659 1377 1785 1436 άδύνατύν

1008 1469 1063 1523 ἐστι
1086 1467 1116 1524 τὸ
1134 1471 1223 1545 τυχεῖν
1246 1467 1342 1542 μάθετε
1355 1468 1370 1494 ⁴
1382 1467 1397 1496 ’ί
1408 1467 1422 1495 ⁸
1434 1463 1562 1522 παύονται
1581 1467 1606 1522 οί
1626 1464 1734 1543 ἔρωτες,
1750 1461 1785 1526 ῶς
1820 1470 1823 1475 “

1007 1575 1070 1630 φησι
1082 1552 1225 1631 Κλέαρχος.
1239 1555 1282 1630 Τῇ
1300 1575 1328 1608 τε
1339 1550 1390 1629 γάρ
1401 1550 1461 1628 περί
1481 1551 1528 1620 τὴν
1545 1549 1678 1628 Πειρήνην
1695 1552 1786 1627 χαλκῇ

1010 1637 1052 1714 βοῒ
1065 1642 1123 1715 βοῦς
1137 1636 1265 1706 έπανέόη·
1277 1637 1322 1694 καί
1334 1635 1502 1715 γεγραμμένῃ
1514 1636 1571 1694 κυνί
1587 1635 1632 1692 καί
1645 1643 1785 1713 περιστερᾷ

1007 1723 1052 1780 καί
1072 1723 1134 1800 χηνὶ
1152 1728 1185 1801 τῇ
1207 1721 1255 1798 μὲν
1275 1722 1355 1798 κύων,
1369 1727 1403 1800 τῇ
1419 1722 1446 1780 δὲ
1464 1721 1622 1800 περιστερά,
1640 1725 1672 1798 τῇ
1687 1720 1715 1779 δὲ
1735 1721 1785 1798 χὴν
1807 1785 1810 1790 ¹

1008 1812 1154 1887 προσῆλθον
1168 1809 1213 1866 καί
1225 1809 1404 1879 ίπιπήδησαν·
1415 1807 1545 1887 φανέντων
1560 1806 1588 1866 di
1605 1816 1671 1866 πᾶσι
1686 1806 1785 1873 τούτοις

1009 1895 1152 1971 ἀδυνάτων,
1166 1895 1326 1966 ἀπέστησαν,
1341 1895 1456 2000 καθάπερ
1478 1893 1620 1972 Κλείσοφος
1641 1896 1655 1949 ὁ
1674 1895 1784 1963 Σηλυμ-

1009 1982 1120 2061 ύριτνός.
1134 1973 1217 2046 (λίπος
1231 1980 1296 2061 γάρ,
1310 1987 1356 2039 τοῦ
1372 1985 1399 2039 έν
1411 1983 1497 2058 xmp
1512 1981 1613 2058 Παρίου
1634 1980 1785 2055 ἀγάλματος

1009 2069 1141 2146 ἐρασθεὶς,
1152 2070 1317 2126 κατέκλεισεν
1331 2067 1410 2125 αὑτὸν
1421 2070 1448 2124 ἐν
1461 2071 1498 2145 τῷ
1509 2069 1577 2145 ναῷ,
1591 2070 1626 2132 ὡς
1637 2065 1784 2134 πλησιάσαι

1009 2155 1193 2228 δυνησόμενος·
1212 2153 1257 2210 καί
1272 2158 1306 2219 ὡς
1326 2154 1447 2224 ἠδυνάτει
1465 2153 1508 2210 διά
1522 2175 1550 2210 τε
1566 2151 1615 2222 τὴν
1632 2152 1785 2230 ψυχρότητα

1009 2241 1053 2297 καί
1066 2241 1096 2298 τὸ
1109 2240 1246 2297 ἀντίτυπον
1260 2246 1309 2298 τοῦ
1320 2241 1406 2310 λίθου,
1418 2244 1562 2310 τηνικαῦτα
1582 2242 1629 2308 τῆς
1646 2239 1785 2313 ἐπιθυμίας

1009 2326 1124 2397 ἀπέστη,
1136 2325 1181 2384 καί
1193 2325 1402 2404 προόαλλόμενος
1412 2326 1442 2384 τὸ
1454 2327 1560 2405 σαρκίον
1572 2326 1726 2395 ἐπλησίασε.

191 388 246 437 tlt

250 1183 312 1232 Οὔτε
323 1183 404 1238 παιδὸς
414 1183 520 1244 ἄρρενος,
534 1182 586 1230 οὔτε
600 1183 717 1243 παρθένων

248 1257 294 1300 τῶν
306 1252 463 1314 χρυσοφόρων,
474 1251 651 1310 edessensisine
664 1250 816 1310 βαθυκόλπων

248 1323 320 1370 καλὸν
329 1322 356 1368 τὸ
367 1321 502 1382 πρόσωπον,
512 1319 569 1368 ἄλλά
578 1319 677 1382 κόσμιον
686 1320 787 1380 πεφύκει.

249 1393 278 1440 'II
289 1393 333 1452 γὰρ
343 1391 412 1444 αἰδὼς
421 1390 488 1443 ἄνθος
499 1389 634 1450 ἐπισπείρει.

554 1493 599 1558 34.

228 1607 306 1661 Idem
316 1603 554 1678 xl11,p.573,t:
568 1599 732 1678 Κλέαρχοςδ’
742 1603 768 1658 ἐν
778 1601 873 1680 πρώτῳ
884 1601 964 1680 ’Epeo

188 1695 266 1749 τικῶν
285 1717 296 1740 ι
318 1689 403 1765 Γύγης
418 1687 558 1768 (φησίν),δ
577 1688 667 1746 Λυδῶν
684 1686 820 1765 βασιλεὺς,
836 1689 864 1745 οὗ
887 1687 965 1763 μόνον

190 1776 249 1855 περὶ
257 1779 341 1844 ζῶσαν
347 1775 393 1846 τὴν
405 1774 535 1852 ἐρωμένην
545 1771 811 1852 περιόόητοςγέγονεν,
820 1772 965 1853 ἐγχειρίσας

190 1862 266 1920 αὑτόν
275 1885 303 1918 τε
316 1860 361 1918 καί
370 1859 415 1931 πλν
430 1858 513 1938 ἀρχὴν
528 1859 612 1936 ἐκείνη
625 1867 723 1930 πᾶσαν,
734 1857 801 1916 ἀλλὰ
811 1859 870 1931 καί,
881 1861 966 1917 τελευ·

189 1949 319 2019 τησάσης,
328 1946 481 2025 συναγαγὼν
492 1944 552 2011 τοὺς
560 1948 588 2004 ἐκ
596 1949 642 2016 τῆς
648 1945 736 2025 χώρας
745 1945 844 2013 Λυδούς
850 1945 965 2023 πάντας,

190 2033 273 2110 ἔχωσε
298 2031 345 2108 μίν
360 2031 456 2099 Λυδίας
477 2030 626 2106 (Μεναλίεις
646 2032 719 2104 τοιιίι
737 2033 915 2109 Schweigh.)
937 2032 967 2090 τὸ

189 2127 233 2176 νῦν
244 2119 282 2177 ἔτι
294 2117 452 2195 καλούμενον
463 2124 509 2190 τῆς
519 2118 623 2196 ίταίρας
635 2121 742 2194 μνῆμα,
759 2120 793 2184 είς
806 2116 868 2198 iidoc
887 2119 965 2198 αίρας,

188 2204 272 2276 ὥστε,
286 2203 473 2283 περιοδεύοντος
487 2207 566 2263 αὐτοῦ
580 2203 627 2274 τὴν
646 2203 716 2269 ε’ντός
736 2203 849 2279 Τμώλου
863 2203 966 2284 χώραν,

188 2281 218 2348 ού
231 2291 261 2348 du
279 2289 442 2368 ἐπιστραφείς
456 2290 542 2369 τύχοι,
555 2294 667 2368 καθορᾶν
679 2290 708 2348 τὸ
722 2295 826 2366 μνῆμα,
843 2290 888 2348 καί
899 2300 965 2348 πᾶσι

188 2385 239 2444 τοῖς
250 2375 297 2447 τὴν
312 2376 409 2436 Λυδίαν
421 2379 533 2435 οίκοθσιν
548 2376 662 2434 ἄποπτον
677 2367 779 2432 εἶναι..
1049 2415 1128 2470 Idem
1151 2430 1179 2488 Ρ.
1196 2415 1268 2485 606,
1283 2417 1328 2471 c:
1350 2413 1399 2472 Ἔν
1418 2411 1503 2492 mm
1524 2411 1552 2468 δγ
1568 2411 1660 2474 παιδὸς
1681 2411 1785 2487 ἠράσθη

555 2471 601 2531 35·
1008 2498 1071 2577 χὴν,
1081 2503 1115 2564 ὡς
1128 2499 1262 2578 Κλέαρχος
1272 2502 1369 2576 ἱστορεῖ
1379 2501 1406 2556 έν
1415 2469 1512 2578 πρύντίρ
1520 2497 1679 2576 Ἐρωτυιῶν.
1690 2497 1746 2556 'tte
1758 2496 1784 2553 δί

226 2587 306 2642 Idem
318 2587 398 2654 XIII,
413 2605 442 2658 p.
459 2585 526 2660 589,
539 2589 587 2643 D:
605 2585 734 2662 Περικλῆς
744 2582 965 2659 δὲὸὈλύμπιος,
1008 2585 1091 2642 παῖδα
1102 2589 1192 2643 τοῦτον
1205 2585 1371 2664 Θεόφραστος
1384 2587 1411 2642 ἔν
1426 2587 1465 2662 τῷ
1476 2584 1610 2664 Ἐρωτικῷ
1629 2583 1787 2662 Ἀμφίλοχον

188 2671 222 2737 ῶς
243 2693 306 2750 φησι
327 2671 460 2750 Κλέαρχος
479 2673 506 2728 ίν
522 2671 617 2752 πρώτῳ
634 2671 797 2750 Ἐρωτικῶν,
817 2673 866 2748 οὔχ
882 2669 966 2729 ένεκεν
1008 2671 1142 2729 καλεῖσθαί
1156 2695 1218 2750 φησι
1232 2672 1276 2729 καί
1287 2671 1317 2729 τδ
1330 2671 1402 2747 γένος
1413 2669 1531 2729 Ὠλένιον
1541 2661 1616 2730 εἶναι.
1627 2701 1668 2716 ·-
1680 2673 1755 2727 Ibid.
1775 2691 1782 2723 :

189 2757 330 2823 ’Λσπασίας
342 2761 388 2828 τῆς
399 2757 542 2836 νεωτέρας,
557 2757 624 2814 ἀλλὰ
636 2761 682 2828 τῆς
697 2757 831 2836 Σωκράτει
846 2761 882 2836 τῷ
893 2761 964 2836 σοφῷ
1010 2757 1097 2816 ’dett
1112 2758 1243 2837 Λευκαδίφ
1252 2757 1316 2837 φησί
1329 2757 1463 2838 Κλέαρχος
1474 2756 1554 2822 οὕτως
1565 2760 1704 2835 ἐρασθῆναι
1714 2754 1785 2813 ταῶν

190 2843 392 2921 συγγενομένης,
421 2843 516 2921 καίπερ
545 2846 695 2914 τηλικοῦτον
717 2843 818 2917 ἀξίωμα
839 2845 965 2910 συνέσεως
1009 2845 1151 2922 παρθένου,
1175 2847 1208 2910 ὡς
1226 2845 1270 2902 καί
1288 2843 1333 2902 τὸν
1348 2843 1402 2921 βίον
1425 2843 1566 2919 ἐκλιπούσῃ
1589 2847 1785 2900 συναποθανεῖν.

189 3011 339 3060 mendacium
349 3010 459 3070 illorum,
470 3011 512 3071 qul
524 3010 653 3058 arnicitiem
663 3011 785 3060 simulant.
797 3014 894 3060 Amator
904 3024 961 3060 vero
1007 3011 1062 3059 licet
1071 3011 1202 3072 pnrdentt'e
1212 3010 1306 3060 laudem
1313 3013 1470 3072 ,munusque
1478 3011 1502 3058 in
1517 3007 1641 3071 republica
1652 3009 1786 3070 potentinus

189 3093 320 3139 assentator
332 3091 368 3136 est
381 3091 405 3138 et
414 3089 525 3138 amicitiis
538 3088 662 3138 simulator
672 3090 703 3137 oh
720 3090 797 3138 relatis
815 3089 896 3138 llorem
912 3089 963 3138 siue
1007 3093 1160 3150 consecutus,
1170 3102 1249 3138 nonne
1257 3092 1334 3138 totam
1345 3087 1499 3137 conturbavit
1507 3088 1640 3136 Graeciam?

190 3171 271 3218 lormae
281 3167 490 3230 pulchritudinem.
505 3187 517 3210 υ

553 3275 595 3324 33.

220 3385 296 3441 Vere,
307 3379 509 3442 quemadmodum
525 3382 657 3431 clearchus
670 3382 704 3431 ait
719 3381 796 3442 prlmo
807 3382 868 3431 libro
881 3381 962 3432 Eroti·

190 3473 288 3520 corum,
297 3459 385 3508 dixisse
395 3460 471 3521 inquil
484 3460 677 3521 Lycophroniden
688 3479 694 3508 ε

240 3599 284 3642 Nec
297 3596 499 3648 adolescentulum,
514 3608 556 3641 nac
569 3597 666 3652 virglnea

242 3678 321 3710 summ
335 3671 443 3721 gestantis
452 3696 457 3712 .
467 3677 508 3710 noc
517 3667 619 3709 mulieres
626 3666 710 3724 emptos
719 3667 780 3710 alnus
788 3666 894 3711 habentes

242 3740 287 3780 tum
298 3736 390 3791 pulchra
400 3736 476 3786 troies,
487 3747 553 3791 quam
565 3735 664 3780 modesta
676 3735 751 3781 decet.

243 3805 320 3850 Pudor
330 3805 390 3852 enim
401 3804 479 3850 dorem
493 3806 606 3862 lnspergt

555 3915 598 3964 al.

219 4029 350 4080 clearchus
358 4031 436 4093 primo
451 4030 512 4080 libro
522 4032 671 4086 Eroticorurn
686 4033 738 4080 tmc
748 4029 830 4080 scribit
844 4050 850 4079 ι
862 4049 874 4072 α
888 4033 965 4092 Gyges

189 4109 311 4170 Lydorum
323 4122 380 4168 rex,
391 4122 441 4158 non
453 4109 523 4157 modo
536 4109 594 4158 dum
608 4111 700 4159 viveret
714 4109 816 4166 amasia,
829 4109 891 4157 miro
902 4107 965 4156 ithus

189 4199 272 4237 umore
287 4186 421 4248 huebatur,
435 4187 473 4236 cui
492 4191 516 4236 et
534 4201 585 4238 sese
600 4189 624 4236 et
641 4189 780 4236 universum
798 4199 898 4248 reguum
911 4187 962 4234 tra·

192 4265 298 4324 dideret;
310 4264 387 4314 sedet
404 4279 480 4326 quum
499 4266 583 4315 erinis
594 4265 635 4314 ille
646 4265 805 4325 discessisset,
818 4265 964 4326 congregatis

189 4340 301 4390 omnihus
313 4340 394 4402 Lydiae
410 4341 494 4391 Incolis
503 4342 624 4390 tumulum
634 4341 655 4390 ei
665 4341 797 4402 exstruxit,
807 4341 848 4403 qrri
858 4340 888 4388 ad
900 4341 965 4388 hunc

190 4417 254 4466 diem
263 4419 362 4466 llelsersc
370 4417 450 4478 tydice
457 4420 638 4466 monumentum
646 4417 963 4478 appellatur,eealtitudine,

189 4496 232 4552 ut,
244 4482 419 4554 qrremeumque
428 4495 532 4542 tractum
543 4497 614 4542 terme
623 4491 685 4540 intre
695 4493 805 4542 Tmolum
815 4493 963 4554 peragraret,

192 4581 344 4629 quocumque
361 4581 386 4616 se
401 4571 516 4628 verteret,
529 4569 710 4618 monumentum
722 4567 780 4617 illud
793 4569 816 4616 in
832 4568 908 4618 oculis
920 4567 964 4616 ho·

193 4643 272 4704 heret,
282 4645 390 4704 caretque
404 4643 462 4692 illud
479 4645 503 4692 ln
518 4645 646 4706 conspectu
663 4645 771 4692 omnium
787 4643 884 4705 Lydiam
896 4643 962 4692 inco·

192 4719 300 4774 lentium.
317 4739 327 4761 υ

556 4809 599 4858 ³5.

223 4930 324 4980 Pericles
333 4931 471 4993 Olympius,
481 4934 508 4981 ut
517 4932 550 4981 ait
562 4933 687 4982 Clearchus
697 4934 775 4994 primo
783 4931 844 4980 libro
858 4935 964 4980 thetico-

193 5023 255 5068 rum‚
263 5011 358 5070 proptor
364 5009 495 5073 depastam,
501 5023 548 5058 non
559 5011 744 5072 transjuniorem
753 5009 823 5071 (Cyri
835 5011 965 5071 amicam),

185 5085 227 5136 ted
238 5085 302 5134 illam
320 5098 374 5146 qum
390 5099 446 5136 curn
462 5088 568 5150 sarriente
588 5089 685 5138 Socrate
701 5089 794 5136 versatu
812 5088 860 5148 cst,
873 5089 966 5138 tentem

1372 3202 1416 3251 36.

1038 3321 1123 3371 Videte
1139 3323 1276 3384 lgltnrvos,
1292 3321 1439 3383 philosophi,
1455 3321 1497 3382 qui
1507 3322 1594 3381 pretor
1605 3322 1716 3367 naturam
1736 3320 1785 3366 ve·

1007 3412 1065 3448 nere
1079 3400 1215 3462 (mascula)
1229 3401 1323 3448 utimini
1337 3403 1362 3448 et
1372 3399 1437 3460 impii
1451 3398 1508 3447 estis
1523 3397 1637 3446 adrasus
1650 3396 1735 3455 deam,
1756 3407 1788 3444 ne

1008 3478 1091 3526 eodan
1103 3479 1175 3528 modo
1191 3479 1298 3540 pereatis.
1311 3481 1372 3527 Nam
1387 3479 1460 3527 etiarn
1471 3476 1539 3538 pueri
1554 3478 1608 3524 tum
1623 3477 1718 3523 untnrn
1733 3473 1787 3534 pul·

1009 3553 1060 3600 chri
1072 3556 1141 3612 sunt,
1154 3556 1182 3600 ut
1190 3553 1268 3601 aiebat
1278 3553 1379 3614 Glycera
1389 3552 1516 3612 ueretris,
1526 3564 1575 3613 qno
1587 3563 1664 3610 usque
1677 3547 1786 3597 mulleri·

1008 3629 1054 3677 hos
1066 3628 1154 3678 smiles
1166 3630 1235 3689 sunt,
1248 3629 1451 3689 quemadmodum
1465 3627 1595 3677 Clearchus
1606 3627 1686 3674 relert.

1039 3708 1090 3754 Vos
1099 3719 1170 3764 vero,
1182 3719 1199 3753 o
1213 3706 1360 3767 philosophi,
1375 3705 1469 3754 etiamsi
1486 3717 1568 3752 amore
1579 3701 1708 3764 aliquando
1719 3701 1784 3762 cepti

1009 3783 1137 3831 mulierum
1148 3783 1173 3831 ln
1184 3783 1291 3832 animum
1300 3783 1442 3832 induxeritis
1451 3782 1502 3830 lieri
1515 3795 1563 3830 non
1572 3793 1640 3842 posse
1651 3781 1679 3826 ut
1687 3778 1736 3826 illis
1745 3793 1785 3840 po-

1009 3859 1115 3920 tiemini,
1125 3859 1208 3909 discite
1216 3861 1258 3886 m
1268 3863 1361 3909 cessant
1368 3872 1479 3920 amores,
1494 3862 1522 3908 ut
1532 3858 1567 3906 ait
1577 3856 1713 3906 clearchus
1723 3857 1784 3904 llum

1009 3942 1033 3986 et
1042 3951 1134 3987 aeneam
1149 3951 1262 3999 vaccam,
1280 3952 1336 4000 quse
1351 3937 1383 3986 ad
1398 3939 1499 3986 Pirenen
1510 3938 1561 3996 est,
1574 3936 1618 3984 hos
1630 3933 1785 3990 conscendit,

1009 4017 1034 4062 et
1046 4027 1102 4063 cum
1113 4015 1176 4076 plote
1188 4028 1248 4064 cana
1263 4018 1288 4063 et
1304 4014 1417 4063 columba
1440 4017 1465 4062 et
1482 4025 1566 4062 αεεετε
1581 4010 1692 4072 congredi
1703 4009 1784 4069 rania,

1008 4091 1119 4140 coluba
1126 4092 1151 4140 et
1157 4105 1234 4154 anser,
1243 4104 1331 4153 easque
1337 4090 1472 4140 inscendere
1481 4089 1623 4145 noluerunt3
1632 4086 1699 4148 quod
1707 4098 1784 4146 quum

1008 4171 1059 4218 deri
1076 4183 1124 4218 non
1140 4183 1208 4232 posse
1226 4172 1396 4232 cognoscerent
1414 4165 1511 4225 omnis,
1530 4167 1672 4214 destiterunt
1691 4183 1698 4212 ε
1715 4163 1783 4224 quod

1008 4245 1085 4308 ipsum
1106 4247 1179 4296 etiem
1194 4245 1305 4308 olimpho
1320 4259 1367 4294 usn
1379 4246 1447 4294 senil
1460 4243 1633 4305 Selymbrirno.
1658 4241 1703 4289 ltlc
1719 4240 1784 4288 enim

1008 4323 1073 4372 srmt
1085 4326 1168 4385 captos
1176 4336 1257 4371 amore
1269 4326 1356 4371 statum
1366 4335 1397 4370 er
1407 4323 1476 4370 Pario
1484 4331 1617 4378 marmore,
1627 4316 1723 4365 inclusit
1732 4329 1785 4364 sese

1007 4398 1032 4446 in
1043 4400 1145 4461 templo,
1158 4399 1224 4461 quusi
1236 4411 1311 4460 quum
1323 4399 1365 4447 illa
1375 4397 1487 4460 congredi
1504 4397 1597 4458 posset,
1611 4395 1636 4442 et
1646 4405 1723 4454 quum
1734 4403 1784 4439 non

1009 4478 1086 4537 posset
1094 4475 1125 4522 ob
1133 4475 1185 4523 seni
1195 4475 1346 4537 frigiditatem
1357 4475 1530 4534 renisumque,
1542 4474 1594 4520 tum
1606 4469 1705 4533 quidem
1715 4468 1781 4528 cupi·

1008 4551 1082 4600 dilate
1096 4552 1201 4609 abstitit,
1218 4555 1243 4600 et
1262 4551 1412 4613 praetendens
1431 4547 1585 4597 carunculam
1605 4545 1712 4607 explerit
1727 4543 1781 4594 tihi·

1008 4627 1096 4676 dinem.

1038 4703 1099 4764 AEgii
1110 4715 1211 4763 puerum
1225 4702 1314 4751 amarit
1326 4714 1405 4759 anser,
1421 4704 1450 4750 ut
1463 4699 1593 4750 elearrisus
1605 4697 1686 4746 nunt
1704 4695 1782 4756 primo

1009 4780 1069 4830 libro
1079 4779 1244 4840 ltrotioornrn,
1254 4790 1377 4841 pueroque
1386 4777 1421 4826 illi
1429 4777 1608 4838 Theophrastus
1622 4773 1647 4822 in
1659 4771 1782 4822 tmatorio

1009 4858 1043 4907 att
1060 4870 1146 4906 comen
1164 4857 1236 4906 luisse
1256 4855 1605 4916 seminecessemineces
1621 4863 1707 4913 genero
1726 4848 1781 4900 0le·

1009 4948 1084 4983 mum.

1042 5016 1068 5060 tn
1083 5012 1200 5061 Leucadia
1214 5024 1333 5072 pavonem
1352 5012 1387 5060 ait
1405 5011 1538 5059 clearchus
1556 5011 1607 5057 tem
1628 5007 1783 5056 veliementer

1010 5101 1101 5137 ιιιπαειεε
1112 5089 1241 5150 vtrginem,
1251 5091 1278 5135 ul
1287 5087 1326 5135 illa
1338 5091 1433 5136 mortua
1444 5087 1493 5148 ipse
1503 5099 1560 5134 curn
1573 5097 1601 5134 ει
1612 5083 1751 5144 exspiraret
