3834 5767
408 348 896 487 ARISTIPPUS

938 350 1422 487 CYRENAEUS.

744 663 1106 692 —aeoo--m—

157 867 300 940 Diogenes
312 869 348 922 L.
359 868 398 934 Π,
413 864 460 936 83,
471 867 605 939 Aristippi
616 860 644 940 Γ)
657 865 791 922 Socratici
798 868 900 940 scripta

115 971 286 1008 recensens:
303 954 360 1010 Τοῦ
373 949 401 1008 δὲ
417 953 581 1029 Κυρηναϊκοῦ
594 949 732 1032 φιλοσόφου
747 950 851 1031 ρίρεται
867 957 902 1030 βι·

115 1037 279 1117 ὄλίιι,τρία
293 1036 353 1111 μὲν
368 1037 514 1115 ἱστορίας
527 1039 588 1094 τῶν
599 1036 680 1094 κατὰ
695 1037 828 1112 ladini,
841 1041 903 1096 dne·

114 1125 253 1200 σταλμίνα
266 1123 397 1202 Διονυσίῳ
405 1125 516 1203 (Siciliae
526 1137 645 1198 tyranno
653 1125 674 1198 ).
685 1128 728 1181 De
736 1129 779 1182 his
790 1127 903 1182 aliunde

942 869 1112 940 scriptorum
1126 885 1242 922 recensu
1262 885 1321 921 non
1339 867 1435 936 affert,
1454 869 1506 922 nisi
1528 869 1608 924 sorte
1621 870 1725 926 dixeris

944 953 1022 1008 idem
1033 971 1104 1021 esse,
1118 953 1197 1023 eujus
1210 955 1306 1010 titulos
1317 956 1458 1028 Diogenes
1471 956 1490 1008 l.
1511 956 1530 1008 l.
1550 959 1696 1028 ponitbos
1717 977 1725 1011 z

948 1038 1017 1114 Πρὸς
1031 1036 1090 1104 τοὺς
1101 1040 1273 1113 ἐπιτιμῶντας
1285 1037 1325 1095 ὅτι
1336 1039 1459 1109 κέκτηται
1470 1029 1537 1096 οἶνον
1554 1039 1665 1098 παλαιὸν
1682 1043 1727 1099 καί

946 1124 1058 1203 ἑταίρας.
1075 1123 1144 1202 Πρὸς
1164 1123 1222 1189 τοὺς
1238 1127 1411 1198 ἐπιτιμῶντας
1438 1125 1479 1182 ὅτι
1497 1128 1645 1192 πολυτελῶς
1660 1129 1728 1206 ὄψει·

114 1233 177 1270 non
191 1225 311 1270 constat.
324 1211 411 1268 Aliud
421 1213 583 1286 philosophi
597 1231 683 1285 opus,
693 1213 773 1285 quod
784 1215 832 1268 etsi
845 1232 904 1268 non
945 1221 984 1269 νεῖ
997 1214 1045 1289 (V.
1056 1216 1135 1268 Voss.
1153 1213 1221 1268 llist.
1235 1215 1285 1270 Gr.
1300 1233 1330 1287 p.
1347 1214 1406 1288 54).
1428 1217 1499 1270 Utut
1517 1227 1571 1284 est,
1585 1227 1662 1270 recte
1675 1219 1729 1271 Lu-

113 1314 212 1374 potest
221 1302 389 1356 historicum
400 1300 473 1368 dici,
487 1301 575 1354 multa
586 1310 679 1354 tamen
690 1318 723 1354 cx
733 1301 849 1355 historia
860 1319 904 1354 re·

114 1391 207 1462 petita
221 1389 379 1454 continuit,
389 1387 554 1459 inscriptum
564 1398 624 1440 erat
636 1405 644 1440 τ
657 1383 724 1461 Περὶ
735 1389 781 1456 τῆς
790 1385 904 1450 παλαιᾶς

115 1477 229 1554 τρυρῆς.
249 1475 285 1530 ld
302 1475 403 1547 sepius
422 1474 519 1529 laudat
534 1475 675 1548 Diogenes
687 1472 747 1548 Γ),
761 1493 858 1529 verum
874 1475 904 1528 in

151 1613 184 1674 (¹)
201 1611 269 1661 Atius
280 1609 412 1672 Aristippus
423 1612 460 1660 eet
473 1609 645 1660 Arcadieorum
655 1613 748 1674 auctor,
758 1610 789 1661 de
801 1624 850 1674 quo
861 1611 900 1660 di·

113 1695 204 1732 eemus
212 1695 258 1730 suo
268 1682 332 1730 loeo.

151 1755 198 1813 (⁸)
217 1753 317 1812 Diogen.
330 1752 358 1798 t..
367 1751 375 1797 t
384 1785 391 1810 ,
401 1753 432 1798 9ο
441 1749 472 1798 de
482 1748 630 1799 Periandro2
644 1751 708 1808 Φησὶ
719 1751 744 1798 m
758 1749 904 1813 Ἀρίστιππος

115 1825 142 1871 ἰν
160 1823 248 1886 πρώτῳ
271 1822 327 1883 Περὶ
345 1822 446 1876 παλαιᾶς
465 1821 791 1884 numerusnumerous,
810 1825 842 1877 ὡς
860 1823 905 1885 ἄρα

117 1895 249 1956 ἐρασθεῖσα
264 1893 371 1952 ἡμίςτηρ
387 1891 458 1939 αὐτοῦ
475 1891 589 1954 Κράτεια,
606 1897 677 1950 συνῆν
688 1893 752 1954 αὐτῷ
765 1893 851 1955 λάθρα·
864 1895 905 1941 καί

118 1965 145 2018 ὃς
156 1963 237 2018 ῆδετυ.
253 1964 361 2024 Φανεροίι
375 1961 399 2008 δὲ
410 1961 534 2022 γενομένου
541 1995 548 2020 ,
560 1961 629 2024 βαρὺς
638 1966 710 2010 πᾶσιν
725 1961 815 2022 ἐγένετο
825 1961 863 2009 διὰ
878 1962 905 2010 τὸ

118 2033 200 2089 ἀλγεῖν
218 2029 256 2076 ἐπὶ
271 2033 300 2088 τῇ
313 2031 391 2090 ρώρρ.
404 2029 487 2078 Multis
498 2029 550 2078 hmo
562 2031 661 2090 exponit
677 2030 826 2079 Parthenius.
837 2033 904 2080 Emi.

150 2101 222 2150 ldem
231 2101 267 2160 V,
279 2105 292 2146 t
304 2117 310 2146 :
321 2098 466 2162 Ἀρίστιππος
477 2101 496 2148 δ’
509 2100 533 2148 ἐν
542 2103 576 2162 τῷ
588 2101 674 2163 πρώτῳ
687 2102 745 2164 Περὶ
754 2103 812 2151 παλ.
823 2108 906 2164 τρυρῆς

124 2173 195 2233 cmiv
208 2169 334 2230 ἐρασθῆναι
349 2171 389 2218 τὸν
408 2169 564 2232 Ἀριστοτέλην
578 2172 719 2227 παλλακίδος
734 2177 776 2221 τοῦ
791 2173 905 2235 Ἑρμείου.

153 2239 223 2289 Ιιίωι
233 2241 269 2297 ll,
281 2245 321 2298 ²³,
332 2238 362 2288 de
373 2241 472 2290 Socrate
484 2259 490 2288 ε
501 2240 536 2288 Oti
545 2239 589 2302 (ευ.
599 2241 751 2302 Ἀλκιὸιάδου)
762 2243 802 2290 καί
811 2243 906 2300 ἐρασθῆ·

120 2311 159 2358 ναί
173 2325 244 2372 ρι’,σιν
256 2309 327 2357 αὐτὸν
339 2307 485 2371 Ἀρίστιππος
499 2310 523 2358 lv
541 2311 642 2374 τετάρτῳ
656 2313 712 2374 Περὶ
734 2322 834 2369 παλαιας
860 2331 907 2376 spe·

120 2376 412 2440 ριςωειιιλίίιειιαυε
421 2380 527 2440 xtu,p.
539 2387 594 2440 συθ,
609 2384 637 2430 D.

153 2447 222 2497 idem
232 2449 270 2506 ll,
281 2449 320 2505 tt,
336 2447 367 2494 de
380 2448 539 2509 Xenophonte
554 2469 560 2498 :
574 2453 620 2500 Καὶ
632 2449 702 2500 αὐτόν
712 2466 779 2512 φησιν
789 2449 904 2512 Ἀρίστιπ-

122 2535 165 2572 πος
181 2517 207 2565 ίν
222 2515 326 2578 τετάρτῳ
345 2519 401 2578 Περὶ
421 2519 520 2573 παλαιᾶς
543 2525 625 2581 τρυφῆς
647 2519 769 2580 ίρασθῆναι
788 2519 905 2568 Κλεινίου·

122 2589 178 2651 πρὸς
186 2589 214 2636 ὃν
224 2587 265 2634 καὶ
276 2591 351 2634 ταῦτα
359 2588 439 2635 εἰπεῖν·
446 2590 494 2637 Νῦν
503 2589 547 2652 γὰρ
557 2591 604 2646 ἐγὼ
616 2589 789 2646 Κλεινίανῆδιον
799 2591 839 2651 μὲν
849 2590 907 2637 θεῶ·

123 2676 165 2720 μαι
175 2661 191 2716 h
201 2657 276 2706 τᾶλλα
287 2655 363 2704 πάντα
375 2657 400 2704 ἐν
411 2658 538 2718 ἀνθρώπως
554 2659 623 2708 καλά.
635 2661 724 2722 Τυρλὸς
740 2660 764 2708 hl
773 2665 819 2708 τῶν
831 2659 906 2708 ἄλλων

124 2729 220 2776 πάντων
229 2725 338 2788 δεξαίμην
347 2727 401 2784 ᾰνῆ
414 2725 521 2776 Κλείνίοιι
533 2729 581 2784 tvl<
596 2729 661 2784 ὄντος
670 2730 782 2790 γενέσθαι.
797 2729 906 2792 Ἀχθοραι

123 2799 148 2847 δὲ
158 2799 199 2846 καί
215 2797 281 2844 νυκτὶ
297 2797 338 2842 καὶ
351 2795 432 2856 ῡπνῳ,
449 2795 484 2844 ὅτι
499 2797 586 2845 ἐκεῖνον
599 2799 643 2860 οὐχ
657 2799 716 2861 ὁρῶ·
735 2798 809 2861 ήμέρρ
825 2799 849 2846 δὲ
867 2801 907 2846 καὶ

124 2869 183 2928 ἡλίῳ
191 2869 235 2925 τὴν
245 2865 356 2928 μεγίστην
366 2865 433 2927 χάριν
443 2865 508 2927 olle,
521 2867 556 2916 ὅτι
572 2883 612 2930 μοι
622 2868 728 2917 Κλεινίαν
746 2868 906 2930 ἀναφαίνουσι.

154 2937 224 2986 ldem
234 2939 284 2996 ΙΙΙ,
297 2938 337 2994 29,
352 2933 384 2982 do
393 2935 509 2984 Plaloue:
525 2937 669 2999 Ἀρίστιππος
685 2939 705 2985 δ’
725 2937 748 2986 iv
759 2941 793 3000 τῷ
806 2937 907 3002 τετάρτῳ

126 3007 179 3070 Περὶ
191 3007 293 3060 παλαιᾶς
310 3009 395 3066 τρυφῆς
412 3006 480 3066 ριιαὶν
492 3006 562 3055 αὐτὸν
576 3007 678 3070 Ἀστέρος
698 3007 818 3070 μειρακίω
831 3010 907 3069 τινὸς,

125 3077 274 3140 ἂρτρσλαρεῖν
283 3075 489 3138 συνασκουμένου,
499 3077 631 3138 ἐρασθῆναι·
642 3077 748 3126 ἀλλὰκαὶ
760 3079 850 3134 Δίωνος
866 3084 908 3127 τοῦ

125 3147 334 3278 Ἥμίίίίλε,
352 3217 384 3266 de
399 3215 528 3266 Polemone
538 3189 682 3266 xthmten'so
693 3237 698 3265 :
709 3217 750 3273 Ὦς
762 3217 829 3280 ἐῴκει
839 3219 880 3278 δὴ,
895 3219 909 3267 ὁ

129 3287 238 3347 [Ιολίμιαν
252 3287 315 3335 κατὰ
324 3287 401 3335 πάντα
412 3286 521 3344 ἐζηλώκει
536 3287 575 3335 τὸν
587 3287 745 3348 Ξενοκράτην·
757 3289 796 3335 καί
810 3289 908 3350 ἐρασθῆ-

126 3372 162 3404 ναι
173 3357 244 3405 αὐτοῦ
253 3359 323 3420 ρτρὶν
333 3358 483 3420 Ἀρίστιππος
492 3357 515 3405 ἐν
524 3356 626 3419 τετάρτῳ
639 3358 695 3420 Περὶ
706 3359 807 3412 παλαιᾶς
815 3365 907 3421 τρυφῆς.

156 3426 220 3474 idem
230 3429 265 3487 V,
275 3432 316 3488 39,
323 3427 355 3477 de
364 3427 508 3476 Aestatem:
522 3427 556 3476 Οὔ
566 3427 725 3490 (θεορράστου
732 3429 740 3488 ί
748 3430 788 3476 καὶ
798 3433 839 3477 τοῦ
847 3431 909 3486 υίίος

128 3497 261 3561 Νικομάχου
273 3500 343 3560 φησίν
355 3498 474 3560 ἐρωτικῶς
487 3499 631 3558 διατεθῆναι,
641 3499 724 3560 καίπερ
734 3499 789 3550 ὄντα
801 3499 908 3548 διδάσκα-

128 3573 178 3628 λον,
192 3569 338 3632 Ἀρίστιππος
346 3567 373 3616 ἐν
385 3567 488 3630 τετάρτῳ
500 3569 556 3628 Περί
568 3569 668 3624 παλαιᾶς
678 3573 770 3631 τρυφῆς.

946 1301 1133 1356 zaciusLectt.
1146 1303 1204 1356 Ati.
1214 1318 1243 1373 p.
1257 1301 1311 1354 108
1324 1320 1331 1354 ι
1346 1324 1358 1348 ι
1373 1302 1417 1355 Ab
1428 1299 1566 1371 ejusmodi
1576 1304 1650 1370 viro,
1662 1321 1728 1375 qua·

947 1389 1183 1461 lemAristippum
1190 1386 1279 1440 modo
1287 1386 1459 1453 dicebamus,
1473 1389 1521 1460 qni
1530 1389 1657 1442 moribus
1668 1400 1727 1443 erat

946 1475 1044 1544 facilis,
1054 1476 1150 1544 comis,
1160 1475 1312 1542 humanus,
1324 1493 1485 1546 quanquam
1497 1477 1525 1529 in
1536 1477 1593 1531 vita
1609 1475 1730 1530 desulto-

948 1567 1019 1632 rius,
1027 1567 1137 1639 sibique
1146 1584 1178 1621 σο
1188 1567 1243 1620 suis
1252 1567 1399 1638 praeceptis
1407 1567 1522 1620 minime
1535 1577 1677 1634 constans,
1689 1597 1729 1608 -

947 1671 964 1708 α
984 1654 1046 1721 tali,
1062 1655 1191 1726 inquam,
1210 1654 1273 1708 viro
1289 1651 1431 1725 proficisci
1445 1655 1610 1726 neutiquam
1622 1665 1737 1726 potue*

948 1751 1015 1817 runt
1022 1741 1215 1796 commentarii
1229 1735 1297 1816 Περί
1306 1739 1420 1802 παλαιᾶς
1431 1739 1542 1817 τρυφῆς,
1556 1741 1730 1813 probrorum

948 1830 977 1882 in
991 1845 1114 1882 summos
1128 1828 1267 1901 sapientiae
1280 1828 1428 1901 magistros
1440 1827 1610 1900 vivendique
1622 1843 1728 1900 prece·
1813 1825 1817 1834 '

949 1925 1046 1986 ptores
1060 1915 1152 1986 pleni;
1167 1932 1239 1985 quos
1256 1913 1346 1968 libros
1360 1925 1493 1987 tanquam
1508 1915 1645 1987 Aristippi
1668 1915 1732 1987 plus

949 1994 1035 2047 semel
1042 1995 1072 2047 in
1081 1993 1275 2048 testimonium
1281 1994 1423 2066 Diogenes
1431 1991 1548 2064 quidem
1555 2003 1639 2046 vocat
1645 1995 1731 2047 Laer-

950 2081 1019 2149 tius,
1037 2080 1089 2134 sub
1109 2081 1180 2134 tanti
1193 2088 1287 2134 tamen
1305 2081 1359 2134 viri
1372 2080 1488 2134 nomine
1502 2081 1661 2152 suppositos
1674 2097 1731 2134 esse

950 2178 1044 2222 censet
1056 2167 1214 2222 Bruckerus
1226 2165 1310 2240 (llist.
1323 2166 1395 2224 Phil.
1408 2169 1436 2236 1,
1448 2184 1479 2239 p.
1499 2165 1570 2240 δρα)
1590 2167 1626 2221 ab
1639 2167 1733 2221 bomi-

951 2255 1034 2309 nibus
1043 2253 1269 2325 impudentibus,
1283 2253 1332 2326 qui
1346 2271 1410 2312 suos
1423 2255 1477 2326 ipsi
1490 2272 1583 2308 mores
1596 2254 1670 2307 illius
1682 2273 1731 2308 au·

951 2345 1080 2396 ctoritate
1094 2350 1188 2413 tegere
1199 2341 1304 2394 vellent
1316 2357 1323 2392 ι
1338 2341 1384 2392 eui
1397 2338 1530 2412 equidem
1541 2340 1626 2411 plane
1638 2357 1731 2394 assen-

952 2429 1017 2497 tior,
1038 2429 1143 2484 etiamsi
1156 2429 1268 2500 Baylius
1289 2425 1375 2499 (Lex.
1399 2446 1426 2483 ν,
1441 2426 1574 2498 Aristaee)
1589 2428 1733 2500 ceterique

950 2501 1045 2570 iidem*
1057 2517 1176 2569 istorum
1189 2514 1351 2567 libellorum
1367 2514 1426 2567 sine
1439 2513 1497 2567 ulla
1517 2513 1622 2568 fraudis
1640 2516 1733 2587 suspi-

952 2602 1034 2654 cione
1054 2600 1158 2654 luerint
1176 2599 1273 2654 secuti.
1289 2599 1480 2670 Praeterquam
1499 2599 1574 2653 enim
1587 2600 1666 2670 qnod
1681 2619 1734 2654 ca-

951 2685 1065 2741 lumniae'
1076 2689 1104 2741 in
1116 2685 1300 2759 philosophos
1314 2687 1430 2740 aliarum
1443 2696 1579 2740 sectarum
1590 2687 1731 2760 principes

951 2775 1048 2829 alienae
1073 2774 1224 2828 videantur
1248 2773 1330 2828 fuisse
1355 2773 1391 2827 ab
1415 2773 1489 2828 illius
1512 2791 1648 2847 persona,
1668 2777 1731 2846 qui,

952 2864 987 2917 ab
1002 2859 1138 2938 σἰγιλιίστῳ
1152 2863 1321 2916 Aristoxeno
1335 2861 1527 2932 similibusque
1541 2860 1623 2916 valde
1639 2860 1735 2916 diver-

951 2967 1010 3019 sus,
1033 2948 1247 3003 delectationem
1272 2948 1383 3003 amabat
1411 2958 1440 3002 et
1459 2947 1575 3021 gaudia,
1594 2948 1734 3021 jocosque

952 3036 1109 3108 excipiebat
1117 3034 1205 3106 jocis,
1216 3053 1277 3088 non
1287 3034 1443 3090 maledictis
1454 3046 1482 3088 et
1493 3034 1616 3108 injuriis3
1626 3036 1685 3108 ipsa
1695 3037 1735 3089 in·

951 3141 1037 3196 super
1048 3134 1209 3195 temporum
1227 3123 1317 3190 ratio,
1333 3123 1381 3176 tali
1398 3122 1429 3176 in
1442 3139 1523 3176 causa
1538 3133 1734 3196 argumentum

953 3211 1150 3278 certissimum,
1172 3227 1232 3263 non
1250 3210 1357 3282 patitur
1381 3221 1415 3264 ut
1435 3209 1531 3282 turpia
1549 3208 1586 3263 de
1608 3209 1735 3263 moribus

952 3295 1256 3369 Aristotelisprodere‚
1269 3307 1317 3350 aut
1327 3297 1508 3350 Polemonem
1519 3295 1595 3349 soedo
1613 3313 1735 3352 amorea

952 3384 1124 3438 severissimo
1142 3384 1303 3438 Xenocrate
1315 3382 1468 3452 dilectum,
1487 3383 1608 3437 Socratis
1621 3381 1736 3437 auditor

952 3470 1075 3524 scribere
1088 3471 1230 3542 potuerit,
1245 3469 1295 3524 diu
1308 3479 1372 3524 autc
1388 3468 1567 3537 demortuus,
1580 3487 1664 3542 quam
1677 3466 1734 3523 flo-

953 3569 1048 3612 rerent
1059 3557 1089 3611 in
1097 3557 1191 3612 schola
1204 3557 1366 3612 Aristoteles
1377 3568 1405 3612 et
1414 3557 1598 3612 Xenocrates.
1613 3581 1624 3605 π
