3834 5767
201 345 259 394 ἮΟ

204 458 258 509 Ιιοο
277 443 367 510 silita
387 455 466 521 lino,
492 463 600 508 tumes
624 455 760 507 Cicerone
782 462 905 518 constat,
927 453 975 522 qui

206 546 403 598 Aristoxenum
417 541 576 594 Dicoeurclii
589 542 801 612 condiscipulum
816 549 905 594 vocat.
924 540 978 592 Di-

204 632 302 684 sertius
316 631 399 683 etium
409 629 463 682 hoc
475 627 557 681 docet
567 631 599 683 A.
610 627 715 682 Gellius
726 627 760 683 N.
774 629 808 680 A.
821 628 868 692 IV,
882 643 907 679 c.
926 643 955 678 ιι
968 641 975 680 :

204 716 263 770 Sed
272 719 450 770 Aristoxenus
460 716 583 767 Musicen·
591 717 745 768 Aristotelis
751 712 917 786 phitompfii
925 731 977 766 au·

203 804 285 856 ditor.
309 803 406 874 Operae
430 811 524 854 tamen
543 801 668 872 pretium
695 810 735 854 est
758 801 812 852 hoc
833 799 977 870 aliquanto

206 890 319 942 uberius
331 889 480 961 explicare.
497 889 591 956 Quum
605 887 774 953 Alexander,
790 887 882 939 occiso
897 895 978 958 patre

207 975 354 1046 Philippo,
369 976 442 1028 circa
457 974 568 1045 Olymp.
588 991 639 1026 ιιι
658 989 753 1026 rerum
771 973 878 1043 potitus
890 981 974 1037 esset,

206 1069 289 1132 atque
301 1061 476 1130 Aristoteles,
488 1061 536 1130 qui
547 1061 638 1132 ipsum
651 1060 759 1130 aliquot
771 1076 858 1112 annos
871 1057 978 1111 docue-

206 1159 261 1215 rat,
273 1149 357 1202 vitam
373 1146 596 1218 tranquilliorem
610 1127 765 1215 quareret,
783 1142 912 1196 deserere
925 1159 977 1195 re-

203 1251 268 1304 gem
279 1233 331 1287 sibi
345 1233 508 1306 proposuit,
521 1231 620 1285 relicto
632 1229 708 1302 apud
719 1248 783 1283 eum
796 1229 976 1295 Callisthene,

205 1330 325 1391 cognato
337 1337 403 1386 siro,
421 1317 599 1387 Athenasque
612 1316 695 1382 abiit,
711 1332 811 1388 quum,
821 1315 978 1387 Speusippo

204 1405 345 1477 ipsiusque
361 1405 502 1458 decessore
516 1403 632 1458 Platone
640 1401 698 1472 jam
712 1403 843 1468 mortuis,
861 1403 889 1454 in
903 1403 978 1456 Aea-

204 1492 297 1546 demia
310 1493 426 1546 doceret
440 1491 612 1546 Xenocrates
636 1505 643 1544 ι
666 1488 702 1543 ad
724 1488 802 1559 cujus
820 1489 978 1560 exemplum

207 1581 366 1633 Aristoteles
385 1578 509 1631 scholam
530 1577 640 1648 aperuit
653 1576 682 1628 in
702 1577 795 1646 Lyceo
818 1575 972 1646 gymnasio,

207 1685 291 1737 quam
314 1685 365 1738 per
381 1667 438 1718 XII
458 1675 507 1718 aut
530 1664 600 1717 xltl
619 1661 752 1733 deinceps
768 1679 856 1715 annos
873 1661 976 1727 tenuit,

205 1751 237 1804 id
251 1762 305 1818 est,
320 1752 355 1805 ab
367 1751 478 1822 Olymp.
498 1767 568 1816 111,
583 1748 610 1804 3.
623 1745 677 1812 334
692 1747 729 1800 ad
738 1748 849 1820 Olyrup.
867 1752 935 1812 ιι),
950 1743 977 1800 3.

207 1837 274 1892 322.
284 1839 465 1890 Aristoxenus
472 1836 557 1908 igitur
564 1835 636 1888 intra
645 1835 700 1888 hoc
710 1835 843 1907 temporis
855 1834 974 1904 spatium

205 1921 314 1976 audivit
323 1921 515 1988 Aristotelem,
526 1932 554 1975 et
565 1919 696 1992 quidem,
707 1931 738 1974 ut
749 1920 868 1985 ridetur,
880 1937 977 1990 qsmm·

205 2008 256 2060 diu
276 2009 299 2062 is
312 2009 428 2062 Athenis
442 2008 508 2076 fuit,
523 2009 629 2079 quippe
643 2007 744 2060 scholae
760 2023 901 2062 successor
917 2003 978 2059 fieri

206 2094 343 2165 sperabat.
360 2095 496 2149 Praeterea
508 2111 567 2147 non
581 2110 668 2147 unum
679 2103 728 2146 aut
740 2093 798 2146 dno
813 2109 901 2146 annos
914 2092 977 2145 Ari·

206 2179 311 2234 stotelis
333 2180 484 2252 discipulus
505 2180 586 2234 fuisse
606 2179 731 2246 videtur,
755 2178 805 2234 sed
829 2179 879 2233 diu
899 2177 976 2250 apud

207 2270 296 2340 ipsum
318 2267 439 2340 degisse,
463 2267 528 2339 quia
550 2267 648 2321 habuit
661 2263 778 2340 μεγάλην
791 2261 864 2330 δόξαν
886 2265 911 2320 ἐν
926 2263 978 2328 τοῖς

209 2353 347 2429 ἀκροαταῖς
370 2355 415 2408 τοῦ
442 2348 642 2429 Ἀριστοτέλους.
668 2354 697 2408 si
720 2355 806 2426 igitur
832 2353 977 2408 Aristoxe-

207 2459 274 2495 num
285 2441 366 2496 XXV
379 2458 467 2496 annos
482 2451 578 2494 natum
589 2442 619 2494 in
635 2441 789 2494 Aristotelis
803 2438 976 2510 disciplinam

206 2529 326 2594 venisse,
346 2527 374 2580 in
394 2543 482 2598 eaque
502 2529 538 2582 VI
559 2537 607 2580 aut
626 2527 692 2582 VIII
706 2544 795 2580 annos
814 2525 977 2580 connivisse

207 2613 336 2668 faciamus
358 2631 364 2665 ι
384 2623 443 2666 tum
465 2611 570 2666 incidet
589 2611 647 2683 ejus
666 2613 792 2666 nativitas
813 2613 843 2664 in
862 2612 975 2683 Olymp.

211 2699 263 2752 105
279 2710 327 2754 aut
344 2697 407 2752 106.
424 2699 525 2752 Utrum
538 2716 606 2752 vero
622 2699 685 2770 quis
698 2700 771 2753 hanc
786 2698 977 2768 conjecturam

206 2787 324 2858 probet,
338 2801 439 2852 necne,
451 2785 520 2838 nihil
534 2802 705 2858 magnopere
716 2785 810 2840 refert.

247 2875 381 2927 aMortuo
393 2874 548 2937 Aristotele,
566 2873 658 2944 pergit
666 2872 773 2938 Suidas,
785 2891 867 2944 quum
886 2872 976 2926 Theo·

203 2961 349 3032 perustum
371 2960 475 3013 achofoe
496 2977 673 3012 successorem
700 2961 810 3012 uideret
834 2961 971 3024 relictum,

206 3051 325 3102 convitiis
350 3052 496 3100 insectatus
515 3057 557 3098 est
577 3051 750 3115 rrragistrum.
770 3045 887 3100 Videtur
909 3047 976 3117 qni-

207 3134 272 3188 dem
285 3135 467 3189 Aristoxenus
485 3131 685 3186 maledicentiae
699 3131 856 3200 indulsisse,
872 3133 977 3204 quippe
1007 3170 1013 3182 .

207 3220 264 3290 ejus
277 3221 329 3275 alia
348 3238 397 3274 suo
418 3221 482 3273 loco
505 3217 668 3272 habebimus
687 3217 791 3272 indicia
806 3237 812 3271 :
826 3229 975 3291 propterea

207 3318 299 3361 tamen
314 3317 388 3361 tanta
410 3323 468 3360 ison
481 3305 565 3359 debet
581 3323 637 3358 esse
650 3303 741 3360 Suidae
759 3306 925 3371 auctoritas,
944 3317 978 3359 ut

207 3395 291 3466 ipsius
301 3393 375 3446 dicta
389 3393 494 3446 oraculi
507 3393 592 3444 instar
603 3390 762 3461 habeamus.
777 3387 873 3446 Obstat
887 3392 911 3446 ei
922 3391 977 3446 hoc

207 3482 271 3532 loco
281 3480 428 3533 Aristocles
435 3477 477 3553 Γ),
490 3476 623 3546 cujushac
632 3479 658 3530 in
667 3495 696 3531 re
702 3476 977 3546 majorisaestimanda

206 3577 246 3620 est
257 3567 418 3635 auctoritas,
431 3566 536 3637 quique
546 3563 647 3618 diserte
655 3562 767 3636 prodit,
779 3567 976 3618 Aristoxenum

206 3671 345 3726 nunquam
364 3657 419 3706 nisi
425 3651 627 3725 perhonorifice
645 3653 801 3706 Aristotelis
812 3658 976 3706 lacerationem

199 3737 305 3810 fiscinae
324 3739 374 3811 (fr.
395 3737 459 3812 35).
483 3737 612 3795 Ceterum
628 3739 697 3792 mihi
718 3741 900 3798 Aristoxenus
917 3757 977 3792 non

205 3827 317 3882 videtur
337 3844 371 3880 ex
394 3827 519 3880 instituto
540 3825 738 3880 maledicentiae
756 3825 905 3892 studuisse,
927 3824 976 3880 sed

205 3916 259 3968 hoc
273 3915 367 3986 potius
378 3931 412 3968 ex
426 3914 511 3986 ipsius
522 3912 647 3966 moribus
660 3922 687 3966 et
700 3913 813 3986 ingenio
825 3929 882 3966 esse
895 3931 975 3986 repe·

117 4021 121 4030 ·
205 4001 320 4054 tendum
337 4019 344 4053 ι
359 4008 390 4053 ut
399 4010 475 4054 recte
486 3999 522 4053 de
534 3999 594 4069 ipso
605 3997 914 4068 judicaveritAdrastus
926 4019 973 4072 ap.

205 4090 297 4143 Procl.
317 4089 346 4140 in
363 4087 432 4142 Plat.
447 4087 518 4139 Tim.
534 4087 587 4156 111,
603 4103 632 4157 p.
653 4101 724 4156 192:
738 4079 802 4142 Ὅτι
816 4084 845 4139 οὗ
863 4083 932 4140 πάνυ
945 4084 976 4141 τὸ

205 4166 269 4238 εἶδος
293 4171 356 4249 ἀνὴρ
380 4170 472 4234 ἐκεῖνος
493 4168 630 4244 μουσικὸς,
650 4169 707 4226 ἀλλ’
728 4168 797 4233 ὅπως
817 4167 848 4225 ἂν
863 4167 927 4246 δόξῃ
949 4194 974 4227 τι

204 4258 291 4316 καινὸν
304 4255 387 4332 λέγειν
404 4255 591 4335 πιρροντικόις·
615 4276 670 4312 non
689 4258 836 4312 admodum
850 4259 976 4314 moribus

205 4349 283 4400 illum
292 4351 383 4398 virum
395 4363 452 4398 esse
461 4349 606 4408 musicum,
623 4345 674 4398 sed
685 4345 786 4412 talem,
799 4347 846 4414 qui
856 4363 975 4415 quocun·

204 4453 256 4507 que
269 4433 347 4486 modo
358 4437 420 4486 novi
433 4433 543 4504 aliquid
553 4432 645 4484 dicere
654 4441 762 4502 quoerat
778 4427 837 4505 )“).
851 4433 918 4500 Quae
930 4448 975 4486 au·

205 4532 261 4574 tem
268 4519 304 4574 de
312 4519 469 4574 Aristoxeni
479 4518 591 4592 ingenio
603 4516 689 4571 refert
696 4517 798 4574 AElian.
806 4519 837 4570 V.
850 4517 887 4570 H.
896 4519 974 4587 VIII,

234 4689 285 4750 γ’)ιι
296 4687 363 4750 Apud
374 4685 459 4736 Euseh.
465 4689 502 4734 Pr.
513 4689 556 4736 Er.
567 4687 619 4747 xv,
631 4693 714 4748 nqueo
723 4685 793 4736 verba
801 4685 904 4736 invenies
913 4687 976 4737 infre

204 4761 265 4810 inter
275 4759 405 4820 frapnenta
415 4756 570 4806 Aristoxeutct
582 4757 660 4818 operis
671 4756 703 4806 de
718 4759 775 4806 Vita
789 4757 915 4806 Platonis.
930 4777 942 4802 ο

233 4829 278 4890 (τ’)
288 4849 299 4872 ι
308 4825 502 4877 ltahunclocuni
514 4826 726 4887 interpretatorem
736 4825 913 4875 tteibomlusad
923 4828 974 4877 Ari·

203 4899 296 4948 stoxeui
309 4901 390 4948 Herm.
405 4895 789 4956 stem.t.1,etudeturntaos
802 4898 919 4957 coensem
928 4911 973 4946 so·

202 4969 274 5018 luisse
282 4969 306 5018 in
316 4969 413 5025 neos,
423 4965 511 5027 qnippe
523 4965 714 5016 vertitmorllms
726 4981 734 5016 .·
744 4965 809 5028 quod
817 4965 973 5029 omniuopro·

202 5038 307 5088 bandum
319 5039 363 5086 est.
380 5055 392 5078 ν

766 329 993 390 AntsToxsttt
1015 331 1225 392 Tansuttnt

1025 451 1058 504 13
1071 469 1079 508 t
1092 449 1203 524 Λίγουσι
1216 449 1243 506 δὲ
1257 449 1302 507 καὶ
1316 449 1488 529 Ἀριστόξενον
1502 453 1537 529 τῷ
1551 451 1640 529 paliuri
1652 452 1697 509 ιἰνί
1708 456 1766 532 κρό-

1020 559 1062 600 τος
1074 536 1197 612 πολέμιον
1221 535 1352 614 γενέσθαι·
1380 541 1476 594 dicunt
1492 547 1574 595 etiam
1595 547 1769 595 Ariston-enum

1020 630 1089 678 risui
1100 628 1187 679 ualde
1192 623 1286 695 sitisse
1297 627 1494 692 uifsersuriurn,
1514 646 1547 681 ex
1557 628 1650 681 eadem
1664 630 1768 684 fabella-

1021 730 1084 764 rum
1098 711 1227 778 officina,
1245 731 1300 784 qua
1317 715 1387 766 risus
1403 715 1556 767 Democriti
1570 723 1649 785 atque
1661 714 1771 785 ploratus

1023 799 1170 864 lferacliti,
1189 800 1317 870 profecta
1328 799 1470 852 videntur.
1484 801 1607 855 -Vixit
1625 802 1704 871 igitur
1715 805 1767 857 Ari-

1021 894 1153 938 stoxenus
1167 885 1341 957 temporibus
1354 885 1507 940 Alexandri
1521 888 1612 958 Magni
1628 898 1654 939 et
1665 905 1770 958 sequen-

1023 969 1110 1035 tibus,
1130 971 1239 1042 fuitque
1252 973 1364 1043 aequalis
1381 972 1533 1026 Dicaearchi
1554 975 1685 1040 lllesscnii,
1700 985 1728 1027 ut
1742 991 1770 1027 cr

1022 1055 1126 1110 ultiniis
1139 1057 1230 1110 snidae
1241 1059 1334 1112 serbis
1347 1069 1472 1130 apparet.
1487 1061 1527 1112 Ex
1541 1059 1598 1113 Cic.
1613 1061 1688 1112 fuse.
1700 1061 1721 1128 l,
1734 1060 1771 1128 13,

1022 1143 1105 1194 etiam
1120 1141 1265 1212 discimus,
1279 1146 1477 1198 Aristoxenum
1496 1146 1577 1198 fuisse
1593 1145 1716 1215 aspidem
1727 1148 1771 1199 m-

1022 1229 1153 1296 caearchi,
1167 1231 1218 1284 ubi
1239 1233 1278 1285 ait
1298 1233 1395 1286 Cicero
1416 1251 1423 1284 :
1443 1232 1635 1285 Dicaearchum
1649 1250 1772 1284 aerosum

1023 1319 1199 1380 Aristoxeno,
1228 1320 1333 1389 cequoli
1357 1331 1387 1371 et
1406 1320 1593 1390 condiscipulo
1610 1337 1668 1380 saio,
1694 1319 1772 1372 doctos

1021 1420 1090 1455 sune
1111 1402 1245 1471 miniines,
1267 1409 1433 1461 omittomur.
1453 1407 1546 1475 Quare
1568 1415 1640 1458 reete
1658 1403 1773 1457 refutavit

1024 1489 1133 1542 Vossius
1144 1491 1185 1544 De
1197 1491 1267 1544 Hist.
1280 1491 1331 1546 Gr.
1345 1491 1370 1558 I,
1388 1509 1413 1544 e.
1430 1509 1459 1562 9,
1472 1509 1597 1545 errorem
1613 1491 1718 1562 Cyrilli,
1732 1493 1771 1561 qui

1023 1573 1132 1627 Ense-bii
1143 1576 1235 1629 verbis
1244 1575 1377 1648 deceptus
1388 1578 1583 1630 Aristoxenum
1595 1578 1665 1630 eirca
1674 1577 1771 1648 Olymp.

1022 1661 1121 1713 xxix
1135 1663 1232 1716 vixisse
1248 1663 1393 1736 perhibet,
1407 1665 1513 1734 quippe
1530 1663 1565 1730 is,
1580 1681 1660 1734 quem
1672 1681 1704 1716 eo
1719 1664 1773 1716 loeo

1023 1747 1089 1800 citat
1097 1747 1245 1815 Eusebius,
1260 1767 1319 1802 non
1331 1759 1372 1803 est
1383 1751 1566 1803 Aristoxenus
1584 1755 1708 1813 rumiens,
1722 1749 1772 1820 sed,

1022 1842 1054 1884 ut
1064 1845 1139 1887 reete
1152 1835 1280 1888 observat
1292 1835 1415 1902 Vossius,
1431 1837 1613 1891 Aristoxenus
1622 1847 1715 1908 poeta,
1729 1853 1772 1889 co-

1022 1921 1154 1991 gnomine
1175 1921 1344 1974 Selinuntius
1374 1921 1413 1992 (v.
1446 1921 1481 1978 fr.
1515 1921 1579 1986 55).
1603 1923 1723 1976 Ceterum
1743 1921 1773 1972 ad

1022 2024 1133 2081 ornnem
1148 2007 1276 2062 ἀσιτίαις
1296 2008 1453 2062 Aristoxeni
1468 2008 1670 2064 dubitationem
1684 2008 1773 2062 tollen-

1022 2092 1086 2146 dam
1104 2091 1243 2148 suffieiant
1263 2095 1348 2168 ipsius
1371 2095 1459 2150 verba
1478 2095 1556 2167 apud
1578 2096 1678 2167 Porpli.
1697 2114 1723 2150 n.
1741 2093 1773 2163 ὁρ

1022 2178 1058 2232 de
1070 2179 1234 2234 vadimonio
1248 2181 1382 2235 Damonis
1398 2193 1427 2235 et
1441 2181 1577 2247 Ptitniiae,
1591 2181 1627 2236 de
1643 2199 1696 2252 qun
1707 2197 1732 2234 se
1744 2197 1773 2232 ex

1021 2267 1157 2338 Dionysio
1174 2268 1373 2339 Syracusarum
1388 2279 1508 2340 tyranno
1523 2269 1656 2323 audivisse
1668 2267 1743 2321 refert
1762 2289 1771 2312 ι

1190 2377 1355 2476 ‘sensim
1376 2397 1612 2452 musonem.

1060 2525 1159 2580 Suidas
1173 2545 1201 2582 v.
1212 2523 1381 2602 Ἀριστόξενος
1399 2545 1405 2582 :
1423 2525 1626 2592 Eoserciiurobl
1640 2522 1739 2600 μουσικί
1751 2543 1775 2576 τι

1021 2610 1066 2667 καί
1081 2611 1207 2690 φιλόσορα
1221 2612 1265 2670 καὶ
1276 2612 1389 2690 ἱστορίας
1398 2613 1443 2671 καί
1455 2614 1555 2680 παντὸς
1566 2614 1645 2679 ιίδους
1657 2610 1772 2677 παιδείας,

1021 2697 1066 2755 κα)
1082 2701 1190 2776 ἀριθμοῦ
1206 2701 1425 2778 (ἀριθμοῦνταιί)
1438 2701 1520 2758 αὐτοῦ
1534 2699 1568 2758 τίκ
1580 2700 1665 2778 pisile
1676 2701 1707 2763 εἰς
1717 2698 1772 2772 υνγ’.

1060 2786 1105 2842 Ad
1122 2789 1218 2843 classes
1234 2807 1251 2843 a
1268 2789 1353 2844 Suida
1365 2788 1499 2844 indicatas
1514 2809 1674 2846 revocemus
1693 2789 1774 2842 titulos

1020 2877 1185 2947 superstites.

1021 2986 1044 3041 Ι.
1067 2983 1185 3042 Musici.

1104 3110 1128 3145 1.
1152 3087 1219 3166 Περὶ
1230 3093 1354 3164 μουσικῆς
1364 3091 1409 3164 (fr.
1423 3091 1461 3146 68
1472 3088 1556 3165 sqql.
1569 3057 1727 3148 Laudaturf.
1737 3091 1776 3142 ll'.

1101 3197 1128 3233 a.
1150 3175 1217 3253 Περὶ
1229 3181 1354 3252 μουσικῆς
1365 3176 1515 3254 ἀκροάσεως
1533 3177 1599 3256 (γρ).

1102 3263 1128 3318 3·
1150 3261 1216 3340 ssepi
1225 3263 1372 3340 ἁρμονικῶν
1382 3264 1529 3340 στοιχείων.
1543 3268 1560 3322 l.
1572 3268 1611 3322 111
1623 3265 1773 3337 superstites.

1102 3357 1129 3415 [ι.
1154 3348 1220 3427 Περί
1234 3352 1363 3428 ῥυθμικῶν
1378 3350 1526 3428 στοιχείων.

1101 3437 1130 3494 5.
1154 3435 1219 3514 Περὶ
1232 3435 1324 3496 τόνων.

1100 3525 1128 3582 6.
1152 3523 1216 3601 Περὶ
1231 3525 1328 3600 ᾆρχῶν.

1101 3631 1128 3682 7.
1151 3609 1217 3687 Περὶ
1231 3609 1391 3685 ματαόολῶν.

1101 3699 1129 3753 8.
1153 3695 1218 3773 Περὶ
1233 3697 1319 3753 αὐλῶν
1331 3694 1375 3754 καὶ
1387 3696 1502 3774 ὀργάνων
1519 3697 1569 3772 (71
1587 3695 1672 3772 sqq).

1100 3806 1129 3860 9.
1153 3782 1219 3860 Περὶ
1233 3785 1318 3840 αὐλῶν
1332 3781 1445 3861 τμήσεως
1460 3783 1530 3859 (67).

1083 3891 1128 3928 ιο.
1153 3870 1219 3948 Περὶ
1235 3874 1358 3948 τραγικῆς
1371 3869 1503 3947 ὀρχήσεως
1521 3873 1575 3944 (ht,
1587 3871 1662 3944 sqq).

1084 3979 1129 4014 ιι.
1153 3957 1220 4037 Περὶ
1233 3957 1396 4032 μελοποιίας,
1406 3962 1444 4014 lv
1455 3962 1603 4015 minimum
1615 3961 1677 4014 libri
1687 3955 1728 4029 Γ).

1021 4069 1058 4125 ΙΙ.
1080 4064 1296 4122 Parrosorarca.

1101 4189 1126 4228 1.
1148 4165 1233 4242 Νόμοι
1244 4165 1404 4224 παιδευτικοί
1418 4168 1472 4241 (76
1486 4188 1528 4241 sq.
1537 4170 1558 4239 ).

1099 4276 1128 4314 2.
1151 4255 1235 4329 Νόμοι
1249 4252 1375 4312 πολιτικοί
1386 4255 1456 4330 (80).

1101 4343 1127 4400 3.
1151 4339 1218 4419 Περί
1236 4343 1407 4420 ἀριθμητικῆς
1422 4339 1489 4416 (8ι).

1100 4438 1127 4496 I.
1150 4427 1328 4506 Πυθαγορικοὶ
1342 4427 1483 4506 ἀποφάσεις
1499 4430 1528 4502 (7
1545 4429 1636 4504 sqq).

1020 4538 1071 4594 Ill.
1096 4533 1259 4590 llrsronrcs.

1103 4658 1127 4696 r.
1150 4635 1207 4694 Βίοι
1220 4637 1319 4715 ἀνδρῶν
1338 4637 1348 4712 (
1357 4657 1368 4692 s
1383 4657 1444 4712 sqq.
1454 4639 1474 4708 ).

1100 4745 1129 4780 α.
1152 4723 1219 4802 Περὶ
1233 4725 1431 4804 τραγῳδοποιῶν
1446 4725 1498 4798 (to
1513 4724 1606 4796 sqq).

1051 4896 1082 4956 (Ἴ
1100 4895 1178 4956 liujus
1186 4880 1277 4958 operis,
1286 4896 1356 4956 cujus
1366 4895 1453 4942 librum
1462 4895 1577 4955 quartum
1590 4891 1669 4940 hulst
1682 4887 1777 4948 Porphy-

1019 4966 1068 5014 rius
1079 4964 1110 5013 ad
1120 4965 1219 5014 Ptolem.
1235 4969 1409 5026 mespres,
1426 4964 1571 5012 mentonem
1588 4962 1651 5024 apud
1668 4955 1777 5009 tlatnimu

1018 5035 1177 5104 nonreperio.
