3834 5767
497 372 505 384 ’
616 383 1248 575 necteremus

806 705 1074 740 -ψ-

179 891 303 948 lustinus
310 891 379 959 XV,
391 895 418 958 4,
432 890 467 944 de
477 891 592 945 Seleuco
604 892 735 945 Nicatore
751 911 758 944 ι
772 893 866 945 Malta
882 897 910 944 in
957 893 1030 945 inter
1046 890 1217 945 recentiores
1229 891 1311 944 multi
1329 889 1547 959 contendemnt,
1562 892 1665 947 seilicet
1676 895 1729 949 Se-

136 985 243 1034 oriente
250 991 314 1052 post
325 979 485 1032 divisionem
498 983 569 1030 inter
579 982 666 1031 socios
680 983 759 1048 regni
773 979 908 1031 Macedo·
956 977 1067 1030 leucum
1091 966 1168 1029 b'ello
1190 977 1245 1029 hee
1268 977 1297 1029 in
1319 977 1439 1029 mediam
1459 977 1567 1030 Indiam
1592 980 1729 1049 usquead

139 1071 197 1120 niei
207 1067 281 1120 bella
291 1069 383 1140 gessit.
397 1064 541 1134 Principio
550 1065 734 1133 Babyloniam
746 1069 817 1137 cepit
828 1082 838 1116 :
849 1065 912 1117 inde
956 1062 1079 1135 Gangem
1094 1073 1121 1115 et
1132 1061 1292 1116 Palibothra
1302 1062 1411 1130 urbem,
1421 1061 1490 1133 quid
1497 1104 1504 1129 ,
1516 1081 1604 1134 usque
1615 1064 1652 1117 ad
1661 1068 1729 1120 ostia

139 1157 227 1206 auctis
239 1169 276 1204 en
290 1155 406 1204 virtoria
424 1146 541 1215 viribus,
558 1151 721 1202 Bactrianos
732 1156 908 1222 repugnavit.
955 1149 1057 1221 Gangis
1068 1167 1123 1202 esse
1132 1166 1325 1220 progressum,
1337 1148 1458 1220 ideoque
1469 1149 1554 1222 longe
1567 1162 1631 1222 post
1646 1169 1729 1205 sere·

142 1235 298 1292 Transitnm
309 1237 410 1290 deinde
420 1242 448 1289 in
462 1237 572 1289 Indiam
574 1234 650 1305 serit
656 1276 664 1302 ,
680 1248 813 1309 qnaepast
833 1256 911 1290 mor·
956 1235 1066 1305 liquisse
1077 1234 1276 1289 Alexandrum.
1289 1238 1327 1288 At
1339 1253 1439 1288 ranam
1447 1235 1552 1289 hancce
1566 1238 1730 1308 opinionem

140 1325 370 1400 tem-Alexandri,
387 1325 475 1376 veluti
486 1323 707 1396 cemicibusjugo
719 1328 849 1376 servitutis
862 1342 909 1376 ex·
953 1320 1010 1390 jum
1025 1321 1187 1375 refellerunt
1210 1319 1353 1375 Lassenius
1370 1323 1412 1374 De
1430 1322 1574 1394 pentapoli
1590 1323 1654 1379 Iud.
1678 1325 1729 1393 61,

139 1430 226 1476 curso,
244 1406 397 1482 praefectae
416 1415 476 1478 ejus
490 1410 638 1465 occiderat.
658 1413 760 1462 Auctor
779 1407 912 1462 libertatis
956 1413 991 1462 A.
1005 1409 1362 1480 G.sc}11eger.ineertnier
1375 1408 1516 1462 Calender
1532 1410 1619 1482 1829,
1634 1428 1664 1482 p.
1692 1409 1725 1464 31

139 1497 334 1550 Sandroeottns
335 1493 437 1562 suerat
450 1514 459 1547 .-
472 1496 523 1548 sed
532 1497 638 1548 titulum
655 1497 787 1549 libertatis
799 1508 863 1568 post
873 1501 909 1548 vi·
958 1491 1139 1565 (quamquam
1153 1493 1361 1546 contradicente
1383 1493 1496 1564 bensey.
1522 1495 1553 1546 in
1574 1494 1671 1552 Erech.
1700 1515 1728 1552 α.

114 1631 119 1642 ,
138 1589 254 1636 ctoriam
270 1587 298 1634 in
311 1585 461 1635 servitutem
476 1593 606 1637 verterat.
625 1581 765 1654 Siquidem
780 1594 912 1654 occitpato
959 1580 1073 1632 Creber.
1090 1581 1203 1648 Eniycl.
1223 1599 1251 1635 v.
1268 1581 1369 1632 Indien
1389 1598 1418 1650 p.
1439 1579 1508 1653 67),
1529 1591 1557 1633 et
1570 1583 1732 1652 nuperrime

138 1688 235 1739 regno,
254 1669 405 1740 populum,
429 1685 508 1738 quern
530 1664 566 1720 ab
592 1678 707 1721 externa
725 1669 912 1720 dominatione
956 1665 1606 1737 Schwanbeckiusinlibrobonaefrugispleno,
1623 1669 1732 1738 quiin·

139 1756 337 1819 vindicaverat,
351 1760 409 1826 r'prse
417 1758 523 1807 servitio
525 1755 706 1826 premebat...
719 1755 765 1808 Sic
776 1759 911 1824 acquisito
956 1751 1086 1804 scribitur
1107 1752 1301 1825 Megasthenis
1319 1753 1419 1804 Indica
1440 1752 1542 1820 lB0nn.
1570 1751 1670 1826 1846).
1690 1759 1731 1808 Ac

139 1860 232 1912 regno,
252 1841 447 1894 Sandmcottus
464 1859 498 1893 ea
519 1852 685 1913 tempestate,
708 1859 764 1910 qna
785 1840 913 1894 Seleucus
956 1838 1079 1909 primum
1093 1837 1207 1908 quidem
1229 1837 1462 1891 Schwanbeckius
1482 1856 1513 1908 p.
1533 1841 1567 1893 13
1582 1850 1679 1892 monet
1696 1841 1732 1894 de

138 1926 243 1990 fatiam
256 1927 452 2000 magnitudinis
452 1923 641 1995 fundamenta
648 1928 786 1996 jaciebat,
798 1929 912 1980 Indiam
957 1924 1021 1976 loco
1035 1925 1135 1977 lustini
1152 1925 1182 1990 I,
1198 1942 1214 1976 a
1222 1964 1230 1990 ,
1248 1941 1296 1988 ιο,
1311 1924 1358 1976 ubi
1369 1934 1471 1995 praeter
1482 1925 1692 1978 Semiramidem
1705 1937 1731 1980 et

137 2015 303 2085 possidebat,
323 2032 382 2066 cum
395 2031 446 2085 qao
451 2009 537 2082 sacta
539 2018 672 2086 pactione
685 2014 822 2080 Seleucus,
839 2033 913 2068 com·
957 2009 1148 2064 Alexandrum
1161 2009 1270 2063 Indiam
1283 2028 1367 2063 nemo
1383 2011 1496 2063 intrasse
1516 2010 1635 2082 dieitur;
1657 2013 1733 2067 unde

137 2105 289 2172 positisque
298 2104 325 2152 in
337 2099 446 2152 Oriente
455 2100 547 2166 rebus,
568 2105 596 2152 in
609 2101 709 2153 bellum
720 2102 852 2172 Antigoni
861 2101 913 2153 de-
957 2107 1089 2168 appareat
1102 2097 1209 2150 Seleuci
1221 2096 1428 2168 expeditionem
1443 2106 1497 2149 tam
1510 2097 1597 2150 levem
1609 2116 1625 2151 a
1639 2100 1731 2171 Trogo

140 2188 247 2240 scendit
261 2183 333 2259 (302
345 2203 369 2242 a.
383 2185 412 2239 C.
421 2184 439 2257 l.
959 2185 1140 2236 existimatam
1150 2201 1216 2250 esse,
1224 2194 1255 2235 ut
1266 2201 1301 2236 ne
1311 2181 1463 2236 Alexandri
1473 2181 1588 2253 quidem
1594 2183 1670 2238 bello
1678 2187 1727 2238 ln·

181 2273 285 2326 Praeter
307 2272 446 2326 lustinum
463 2271 547 2340 belli,
567 2271 646 2344 quod
664 2272 794 2328 Seleucus
816 2284 913 2328 contra
960 2266 1182 2342 dicoparsitffl.
1195 2271 1285 2323 Porro
1300 2271 1448 2322 Accianum
1460 2269 1730 2342 ait,silonginquam

141 2358 357 2414 Sandrocottam
378 2359 435 2413 sire
458 2359 707 2432 Clandragyptam
732 2359 775 2434 (v.
794 2370 856 2414 not.
878 2362 914 2417 ad
958 2356 1037 2409 istam
1050 2351 1158 2409 Seleuci
1170 2355 1375 2428 expeditionem
1387 2365 1559 2428 compertam
1577 2356 1732 2424 habuisset,
1813 2349 1819 2360 ’
1915 2382 1916 2407 ι

139 2444 176 2499 Ir.
190 2443 222 2518 a)
234 2485 242 2513 ,
257 2444 415 2500 Prasiorum
430 2445 503 2517 sive,
520 2455 552 2498 ut
564 2445 660 2500 indice
676 2446 785 2517 loquar,
800 2446 915 2517 reikja·
960 2441 1036 2496 baud
1048 2441 1134 2495 dubie
1148 2443 1228 2496 aliter
1246 2443 1407 2496 locuturum
1419 2441 1499 2494 fuisse
1517 2442 1547 2494 in
1561 2440 1665 2496 Indicis
1680 2444 1735 2511 suis

141 2549 208 2590 rum
221 2528 251 2604 (Ἴ
267 2549 378 2604 regem,
393 2532 487 2604 gessit,
500 2532 671 2586 mentionem
686 2531 789 2586 faciunt
805 2535 915 2606 Appia·
963 2527 998 2602 (c.
1012 2526 1040 2596 5,
1054 2527 1085 2598 4.)
1098 2568 1105 2594 ,
1118 2529 1168 2582 ubi
1179 2530 1385 2601 illegastbenem
1400 2529 1439 2581 ait
1450 2546 1508 2582 non
1517 2527 1636 2581 multum
1646 2528 1734 2582 Indiae

142 2635 196 2671 nus
207 2619 269 2690 Syr.
285 2637 309 2674 c.
324 2616 359 2672 55
374 2633 380 2672 :
394 2612 553 2692 (Σέλευκος)
564 2615 607 2672 τὸν
626 2614 705 2673 Ἰνδὸν
724 2615 840 2694 περάσας
854 2619 913 2674 ἐπα·
961 2630 1120 2686 peragrasse
1127 2611 1197 2679 πλήν
1211 2633 1240 2686 γε
1255 2609 1294 2667 in
1305 2609 1427 2680 antiit
1437 2613 1460 2667 ⁰l
1474 2609 1516 2676 ibt
1527 2611 1686 2689 Ἀλεξάνδρῳ
1698 2616 1735 2690 τῷ

143 2700 257 2776 λε’μησεν
269 2699 458 2780 Σανδρακόττῳ
473 2703 577 2778 βασιλεῖ
588 2704 639 2758 τῶν
652 2700 711 2778 περὶ
727 2702 801 2760 αὐτὸν
817 2701 914 2774 Ἰνδῶν,
961 2697 1097 2756 Φιλίππου
1110 2696 1264 2760 ἐπελθόντες.
1281 2702 1345 2770 Quo
1361 2702 1425 2754 loco
1441 2701 1530 2753 multo
1545 2701 1634 2771 aptius
1651 2709 1679 2754 et
1696 2701 1736 2754 se-

144 2787 222 2864 μέχρι
237 2787 323 2866 ριλίαν
337 2789 407 2864 αὐτῷ
425 2785 471 2843 καὶ
489 2787 565 2856 κῆδος
585 2787 715 2845 συνέθετο·
735 2792 834 2846 Strabo
849 2794 916 2862 XV,
962 2786 1040 2839 cilius
1052 2803 1114 2838 curn
1129 2786 1246 2840 Seleuco
1258 2786 1461 2858 liegastbenem
1474 2797 1572 2840 auctor
1589 2804 1736 2858 compara·

53 2931 57 2940 ,
143 2891 174 2948 p.
187 2881 242 2944 724
258 2893 265 2929 :
280 2870 381 2930 Ἔδωκε
391 2871 418 2929 δὲ
433 2871 558 2938 Σέλευκος
570 2873 715 2950 όΝικιίτοιρ
731 2873 916 2953 Σανδρακόττῳ
952 2872 1042 2944 ,κλεισὶ
1054 2869 1117 2944 (⁸).
1127 2873 1209 2925 lllitto
1226 2873 1277 2925 alia
1291 2873 1403 2925 levioris
1412 2873 1548 2925 momenti
1562 2872 1675 2942 indicia,
1684 2892 1736 2927 ne-

144 2961 199 3033 (sc.
215 2979 343 3034 magnam
354 2959 463 3015 Arianae
476 2970 593 3032 partem.
607 2961 649 3016 cf.
661 2980 689 3032 p.
701 2960 757 3035 689
771 2978 778 3017 :
789 2957 917 3040 Ὕστερον
963 2975 1019 3028 que
1034 2957 1128 3011 denuo
1149 2959 1179 3014 h·
1202 2959 1222 3011 l·
1245 2976 1385 3030 exponere
1402 2957 1494 3028 juvat,
1514 2959 1679 3030 quibusnam
1700 2960 1736 3014 de

143 3044 188 3100 καὶ
202 3045 247 3111 τῆς
261 3043 376 3122 Ἀριανῆς
385 3041 482 3112 πολλὴν
493 3041 568 3121 ἔσχον
580 3045 603 3100 ol
615 3043 703 3114 Ἰνδοί,
714 3043 836 3109 λαόόντες
845 3043 917 3122 παρὰ
963 3045 1051 3097 causis
1069 3062 1121 3116 per
1134 3062 1163 3098 se
1181 3045 1369 3116 improbabile
1387 3063 1504 3116 prorsus
1519 3046 1568 3112 sit,
1589 3064 1677 3119 usque
1699 3046 1736 3100 ad

142 3134 195 3187 τῶν
209 3129 394 3206 Μακεδόνων),
403 3128 551 3204 συνθέμενος
563 3129 704 3205 ἐπιγαμίαν
713 3129 758 3186 καὶ
773 3129 916 3188 ἀντιλαὸὼν
962 3130 1126 3204 Gangeticas
1145 3132 1272 3205 regiones
1285 3150 1391 3187 armna
1411 3133 1528 3188 Seleuco
1541 3135 1649 3204 prolata
1669 3151 1735 3192 esse.

144 3213 286 3293 ἐλέφαντας
303 3213 485 3280 πεντακοσίους
509 3217 645 3292 (quonam
656 3216 857 3272 Sandrocottus
865 3219 917 3274 ba-

146 3304 232 3358 bebat
246 3322 332 3376 9000.
345 3305 450 3357 Plinius
466 3305 521 3372 VI,
541 3323 595 3378 aa,
619 3304 667 3377 5);
683 3305 823 3358 Plutarch.
837 3307 916 3363 ates.
994 3291 1028 3352 (*)
1041 3291 1396 3353 Pmmschmboel‘lffll’·
1411 3295 1438 3339 ¹⁴
1447 3291 1613 3352 menmium
1624 3292 1655 3340 *ἃ
1665 3293 1737 3342 '⁸¹¹³‘

964 3361 1062 3421 Appiani
1074 3362 1090 3409 l.
1102 3361 1127 3422 1.,
1140 3361 1180 3410 ubl
1189 3375 1265 3423 quum
1276 3362 1444 3410 sandraeottus
1453 3375 1540 3423 parum
1549 3365 1661 3411 accurate
1671 3363 1736 3411 dica·

219 3473 226 3494 Ι
697 3473 704 3494 1
964 3429 1004 3476 lut·
1020 3429 1128 3490 βασιλεὺς
1146 3435 1193 3477 τῶν
1204 3432 1255 3492 περὶ
1268 3431 1308 3478 τὸν
1327 3428 1398 3478 Ἰνδόν
1410 3430 1495 3490 Ἰνδῶν,
1511 3443 1540 3478 tto
1551 3431 1601 3491 ipso
1612 3431 1737 3492 significari

146 3476 267 3552 Σελευκῳ
280 3471 462 3539 πεντακοσίους
470 3472 609 3551 ἐλέφαντας
622 3475 779 3552 tiammo,
789 3473 833 3532 ml
843 3498 919 3553 στρα·
965 3495 1038 3545 naen
1048 3498 1270 3547 bituminemur
1279 3497 1352 3546 inuia
1363 3501 1455 3558 gaium
1466 3499 1545 3547 iuria.
1557 3503 1607 3547 noc
1617 3500 1683 3546 ιιιιιιι
1694 3504 1736 3547 αι.

145 3565 190 3618 τοῦ
207 3559 328 3638 μυριάσιν
347 3558 469 3628 ἑξήκοντα
483 3559 531 3630 τὴν
552 3559 664 3629 Ἰνδικὴν
679 3563 788 3629 ἐπῆλθεν
813 3559 919 3618 ἅπασαν
965 3568 1024 3614 Nam
1035 3567 1154 3628 epplenus
1162 3567 1250 3616 babet:
1264 3572 1310 3615 τῶν
1320 3570 1371 3628 περὶ
1382 3569 1451 3616 αὐτὸν
1460 3569 1547 3628 Ἰνδῶν,
1558 3568 1594 3616 uti
1607 3570 1657 3629 ipse
1666 3569 1739 3616 etlam

146 3645 392 3724 καταστρεφόμενος.
423 3649 485 3702 Alia
508 3648 634 3719 quaedam
658 3648 733 3702 dona
750 3651 814 3702 satis
833 3651 918 3717 mira,
965 3635 1164 3684 Sihwfflbffllllss
1173 3635 1266 3696 sempsit
1277 3649 1300 3696 P·
1314 3642 1350 3683 ¹3·

147 3751 209 3804 quae
231 3733 267 3787 ad
279 3734 425 3788 Seleucum
442 3733 642 3788 Sandroeottus
659 3735 778 3802 miserit,
794 3753 920 3790 comme·
965 3701 1668 3833 drffiffigffissfflfflfflffiffiiffiffl
1677 3708 1737 3822 gg·

145 3830 241 3874 ‘mm
251 3819 420 3890 Phylarchffi
431 3817 481 3892 (sr.
494 3817 541 3892 38λ
553 3838 599 3892 ³1¹·
611 3820 773 3874 Alhfflaeum
792 3839 820 3892 P·
834 3820 868 3875 ¹3
882 3825 917 3876 D·
939 3802 946 3888 l
965 3842 1014 3902 tap.
1024 3854 1048 3902 p.
1059 3847 1084 3890 st
1094 3842 1119 3902 ):
1139 3859 1151 3883 a
1170 3845 1219 3889 list
1241 3843 1340 3890 interea
1359 3842 1478 3889 omnibus
1498 3844 1607 3897 atratis,
1625 3843 1738 3898 lavana,

187 3904 330 3958 Diodorus
351 3904 426 3958 libro
446 3905 504 3958 XX
527 3906 634 3960 Seleuci
657 3923 701 3959 res
722 3923 863 3978 exponens
885 3907 921 3962 de
968 3909 1116 3970 Cambunii,
1146 3911 1244 3963 Persis,
1275 3910 1422 3958 Bactrianis
1441 3912 1581 3971 ceterisque
1606 3909 1737 3958 ctaniira-

141 3989 225 4058 pello
237 3991 336 4044 ludim
351 4009 387 4044 ne
397 3991 485 4045 verbo
497 3991 612 4062 quidem
623 3993 742 4046 monuit,
758 3993 860 4047 Mirum
872 4013 921 4048 au,
965 3981 1052 4040 eapite
1060 3981 1159 4038 εἰκασία
1169 3982 1302 4038 reqionum
1311 3983 1496 4026 montanorum
1514 3982 1591 4039 copiis
1607 3979 1738 4028 andecim-

153 4089 208 4130 tem
222 4077 294 4131 foret
310 4079 468 4131 amobit&
483 4078 560 4132 mli
603 4080 608 4090 ‚
786 4081 791 4092 .
862 4083 867 4093 .
967 4046 1258 4108 aneriacumsessaurbs
1271 4049 1518 4108 Cusnntapnra,t.e.
1531 4048 1738 4110 Pataliputrs,Pr·

562 4097 624 4150 ‘imi’
635 4097 729 4133 “¹¹⁰¹‘'
740 4082 922 4152 5οῃΡῑοῗὼ118
967 4115 1104 4164 limbothra.
1113 4133 1125 4156 ι
1136 4118 1166 4163 at
1178 4133 1190 4157 ι
1201 4115 1367 4164 mmoediaista
1382 4116 1598 4175 (sebnanbeeldus
1607 4129 1632 4177 t)-
1645 4121 1672 4165 ¹⁸
1682 4117 1737 4174 ait),

150 4163 358 4235 expeditionem
373 4165 451 4219 istam
468 4165 582 4238 attingi,
597 4166 729 4219 slverum
747 4179 830 4236 esset,
844 4168 922 4239 quod
967 4187 986 4233 si
1010 4182 1110 4231 vttsomi
1134 4185 1300 4232 auctontatan
1319 4173 1440 4246 οᾶιιιειίο,
1459 4187 1547 4234 secuto
1568 4185 1661 4233 decimo
1686 4190 1739 4247 post

579 4261 582 4268 '
943 4280 947 4303 ι
967 4253 1088 4302 cbrismm
1096 4254 1184 4314 scripta
1193 4257 1241 4313 est,
1253 4255 1336 4302 decem
1345 4257 1408 4302 certe
1418 4253 1513 4303 seculis
1530 4257 1583 4316 post
1596 4255 1738 4303 seleucien-

181 4322 212 4384 p)
225 4323 334 4372 Proxime
345 4323 374 4372 ad
388 4315 493 4383 Praky'oe
505 4325 536 4384 (t,
554 4339 576 4375 e,
591 4327 743 4388 orientales)
760 4339 846 4376 nomen
864 4327 922 4376 indi·
968 4323 1120 4384 peeliiionem.
1132 4325 1228 4384 ltaque,
1238 4337 1313 4384 quum
1324 4336 1355 4371 ne
1365 4324 1620 4385 historiammquidern
1633 4322 1686 4372 libri
1698 4329 1737 4373 tn·

150 4405 207 4442 eum
231 4393 322 4441 ancelii
344 4392 488 4453 adjectivum
507 4396 635 4456 Προξιακός
657 4409 694 4456 ap.
718 4395 804 4445 AEllan.
828 4401 857 4446 Η.
877 4405 923 4448 tn.
968 4396 1737 4459 dictattqmmtnhistoriaaunonntnnmbeant,quideonnata

149 4463 245 4519 xvlll,
259 4460 459 4523 unlneratum.
472 4464 499 4512 tr.
517 4469 540 4512 tt
558 4463 622 4523 init).
642 4467 734 4513 Nomen
749 4465 923 4514 substantimm
968 4466 1139 4523 demonstrent,
1150 4465 1382 4525 postmultasoecula
1395 4465 1739 4528 eminentiumque!

151 4529 211 4577 taret
223 4529 324 4592 ΙΙράξιοι,
337 4531 408 4592 idque
418 4533 796 4593 schwanboclius(ltlegastlieuis
807 4533 887 4584 ludica
899 4547 922 4595 p.
969 4533 1066 4593 quidem
1087 4535 1218 4594 posteriore
1236 4537 1343 4595 tempore
1358 4535 1430 4582 etiam
1447 4538 1632 4586 Groeeommest
1652 4551 1740 4586 nomen

153 4597 357 4660 inprobabiliter
370 4603 450 4649 censa
465 4600 638 4650 restituendum
659 4615 759 4663 essem.
778 4605 924 4664 stephanum
969 4602 1260 4666 tadicum,ternporejam
1270 4604 1739 4667 antiquissimogeusquaedamnomina·

151 4667 221 4726 Byr..
240 4666 281 4714 ubi
298 4667 391 4716 codices
407 4669 555 4718 interiores
572 4671 681 4731 Πράξιλος
699 4673 723 4720 et
741 4675 803 4735 Πρᾱς
823 4673 924 4722 mediam
968 4674 1020 4732 tur,
1031 4685 1104 4732 quani
1125 4673 1177 4721 tndi
1187 4672 1212 4721 in
1222 4674 1461 4724 tinibuslnditeinter
1476 4688 1588 4724 oceasum
1598 4679 1624 4725 et
1640 4681 1739 4738 septem·

151 4735 265 4788 extlbent
273 4747 356 4784 rocem
367 4737 473 4799 Πράσιοι.
484 4741 595 4788 &terum
607 4738 705 4802 Πράοιοι
714 4739 848 4790 dicunture
858 4743 924 4790 stra·
969 4741 1071 4791 trionem
1088 4742 1192 4792 lnbitare
1207 4741 1491 4806 cerimoniarumque
1504 4746 1552 4806 jam
1564 4746 1627 4807 apud
1642 4750 1738 4795 Manum

152 4800 231 4862 bene,
241 4803 354 4864 meiano,
367 4805 456 4865 Plinio,
468 4809 576 4868 Πραίσιοι
590 4820 629 4868 ap.
642 4808 761 4857 Plutarch.
772 4810 830 4858 Alex
855 4823 876 4857 e.
895 4817 924 4858 (tt
970 4813 1001 4871 ll,
1012 4813 1041 4858 44
1053 4823 1101 4859 aaa
1114 4825 1170 4860 eum
1182 4813 1321 4874 cambtgu,
1332 4814 1411 4874 seen,
1421 4813 1645 4874 Pindis,Pelrtaris
1652 4815 1739 4864 cicutis

152 4873 177 4916 et
194 4871 312 4920 AEtianum
333 4873 583 4938 septimunicensi
600 4875 697 4925 Nimlao
712 4881 779 4928 Dant.
799 4891 837 4939 ap.
857 4879 923 4928 Stob.
970 4878 1299 4942 iuterxatrigasdeprarates
1312 4882 1518 4942 enumeraturtct
1531 4885 1738 4932 διακωλύσει·

152 4939 270 4988 itarital
281 4976 288 4999 ,
298 4945 343 5000 νας
354 4943 452 5004 Beatam
469 4947 494 4992 et
511 4945 615 5007 Βροίσιοι
627 4945 681 4994 libri
692 4959 747 4994 mss.
764 4959 803 5007 ap.
826 4947 923 4995 Diodor.
969 4946 1151 5007 ntrtstjttrd.
1161 4949 1251 4997 Knnde
1263 4950 1306 4998 des
1315 4951 1522 5012 Moraenlandes,
1533 4955 1576 5009 til,
1587 4964 1611 5011 p.
1621 4951 1688 5009 245).
1699 4951 1739 5000 isti

152 5007 235 5067 xvn,
249 5012 279 5056 9³
289 5025 296 5067 ;
307 5010 493 5074 Ptarrasiiap.
502 5016 570 5062 curt.
588 5016 635 5072 lx,
646 5021 676 5075 t,
693 5021 721 5074 νς
742 5015 868 5064 Presidio
885 5029 923 5076 ap.
970 5015 1042 5076 igitur
1052 5019 1150 5064 lamere
1163 5016 1209 5065 hoe
1222 5029 1318 5079 atroque
1328 5020 1380 5068 loeo
1395 5020 1539 5080 intelligendi
1549 5022 1618 5076 sunt,
1632 5033 1680 5078 quo
1692 5034 1738 5068 nna

152 5076 241 5125 sintin
251 5080 305 5138 xit,
315 5085 338 5128 8.
347 5085 371 5129 9.
970 5103 1025 5137 rum
1040 5090 1122 5139 iisdem
1136 5091 1412 5154 northmanmam
1431 5095 1522 5154 solent,
1536 5097 1712 5144 enumerantur.
1726 5115 1737 5138 ι

151 3391 188 3444 6α
209 3409 215 3442 :
231 3387 408 3466 Ἀνδρόκοττος
426 3387 476 3466 γὰρ
496 3386 601 3468 ὕστερον
616 3390 644 3445 οὐ
659 3389 748 3466 πολλῷ
764 3387 919 3466 βασιλεύσας
