3834 5767
189 325 239 383 (04
725 319 977 381 sttstotutts

205 445 252 502 86.
269 443 459 522 (Λεοντίνων.)
472 447 507 501 fr.
520 450 586 504 aad.

205 532 252 602 87.
270 531 472 609 (Καταναίων.)
487 534 522 591 fr.
539 535 607 598 aad,

204 619 251 676 88.
265 617 469 696 [Ζαγκλαίων]
483 620 517 676 fr.
530 639 596 689 aaa.

512 735 626 796 lrams.

207 849 253 923 89.
268 845 436 922 (Ῥηγίνων.)
451 849 486 907 fr.
500 848 568 907 228.

203 953 252 1016 ρο.
270 933 421 1012 (Λοκρῶν.)
438 934 472 994 fr.
486 934 651 1008 τηρ-τᾶν.
746 959 750 968 ·

203 1040 251 1096 9ι.
269 1017 448 1098 Ταραντίνων.
462 1021 498 1080 fr.
515 1021 682 1077 aia-rai&

203 1126 252 1188 pa.
268 1106 491 1185 (Κροτωνιατῶν.)
506 1108 543 1164 fr.
559 1108 614 1170 233
629 1129 658 1172 o.

203 1193 251 1268 93.
268 1188 422 1271 (Σιριτῶν.)
437 1194 472 1249 fr.
489 1193 555 1259 abl.

203 1287 251 1354 94.
264 1277 435 1356 (Συόοιριτῶν
448 1277 492 1346 atei
508 1276 656 1358 Θουρίων.)
673 1283 707 1338 fr.
727 1281 893 1358 235-237.

517 1414 644 1474 Gauiis.

205 1535 254 1610 95.
267 1533 477 1594 Μασσαλιωτῶν.
491 1534 527 1589 fr.
541 1535 710 1606 238-241.

222 1677 288 1729 Post
300 1675 358 1728 haec
370 1674 423 1728 alia
432 1675 568 1728 nonnulla
579 1693 720 1750 apponant
727 1719 735 1746 ,
748 1696 809 1751 quae
823 1679 859 1734 ad
875 1683 958 1736 ratio·

183 1779 247 1824 uem
267 1779 329 1832 qua
345 1759 512 1814 adornatum
533 1757 607 1832 opus
626 1764 834 1819 Aristotelicum
857 1765 957 1836 fuerit,

183 1845 330 1908 referenda
342 1863 398 1900 esse
416 1845 506 1901 videri
515 1850 632 1919 possint.
646 1853 686 1906 Ac
700 1849 824 1924 primum
842 1851 958 1926 quidem

182 1952 226 2006 ap.
245 1933 377 1987 Photium
391 1931 441 2006 (fr.
460 1932 529 2008 132)
547 1934 676 1991 laudatur
692 1935 868 2015 Ἀριστοτέλης
886 1943 956 2017 ίντῇ

181 2014 335 2084 Ἰθακησίων
356 2014 475 2094 πολιτείᾳ
495 2016 552 2094 (ιβ’.
578 2022 669 2094 Igitur
687 2023 746 2077 haee
761 2025 784 2077 si
809 2034 884 2079 recte
904 2026 957 2080 ha-

181 2106 249 2159 bent
261 2101 303 2180 (*),
315 2105 500 2159 ithacensium
509 2108 667 2180 respublica
678 2121 738 2163 erat
749 2111 957 2185 quadragesima

180 2190 301 2246 secunda
317 2193 363 2246 vel
383 2193 468 2247 totius
487 2195 594 2266 operis,
615 2196 660 2250 vel
679 2207 755 2251 certe
777 2197 835 2269 ejus
857 2202 954 2270 seriei,

181 2297 266 2350 quam
280 2279 395 2334 Photius
409 2280 447 2338 ob
461 2283 559 2344 oculos
571 2281 702 2338 habebat.
717 2314 755 2326 -
764 2285 874 2341 Deinde
886 2306 955 2342 vero

180 2368 369 2442 llarpocratio
378 2386 404 2430 v.
416 2365 511 2446 Μύριοι
525 2369 552 2426 ἐν
562 2368 672 2446 Μεγάλῃ
683 2370 757 2427 πόλει
767 2371 777 2448 (
785 2373 821 2428 fr.
842 2375 893 2450 91)
909 2377 955 2431 di-

180 2457 218 2510 cit
236 2473 243 2508 :
259 2452 404 2512 Διιίλιιιτοιι
416 2453 443 2510 δὲ
458 2456 517 2533 περὶ
535 2457 676 2514 αὐτῶνκαὶ
690 2456 866 2537 Ἀριστοτέλης
884 2463 954 2541 ἔντη
968 2513 972 2519 .

179 2541 249 2614 κοινῇ
264 2538 394 2618 Ἄρκοίδων
408 2541 524 2620 πολιτείᾳ
539 2542 715 2621 ἀρχόμενος
729 2549 783 2602 τοῦ
805 2545 953 2622 βιὸλίου.

179 2631 246 2700 Quae
258 2638 306 2683 aut
317 2631 355 2684 ita
368 2641 432 2684 suut
444 2631 633 2706 intelligenda,
647 2644 679 2687 ut
688 2635 768 2700 initio
782 2637 850 2689 certi
862 2636 955 2710 cujus·

179 2715 244 2769 dam
258 2713 397 2770 Πολιτιιῶν
412 2716 478 2770 libri
487 2716 523 2772 de
534 2718 730 2773 confoederatae
746 2721 871 2776 Arcadiae
881 2741 950 2776 con·

178 2801 322 2855 stitutione
342 2811 440 2878 auctor
456 2801 574 2872 dixerit,
590 2815 638 2858 aut
650 2804 828 2860 statuendum
849 2819 889 2862 est
910 2810 953 2884 βι-

179 2883 250 2941 ὅλίον
270 2887 340 2940 illud
355 2888 423 2941 nihil
441 2890 493 2942 nisi
510 2884 557 2956 τὴν
574 2885 660 2958 κοινὴν
672 2887 803 2968 Ἀρκάδων
821 2892 953 2950 πολιτείαν

179 2974 356 3032 continuisse.
378 2975 476 3046 Neque
498 2975 553 3030 hoc
575 2975 647 3034 adeo
667 2979 728 3031 veri
749 2977 880 3034 dissimile
901 2994 951 3037 est.

178 3058 249 3115 Nam
261 3060 388 3114 similiter
399 3061 497 3116 Cicero
507 3061 543 3116 de
557 3064 710 3118 Dicaearchi
722 3065 826 3138 palitiis
834 3067 953 3140 loquens

179 3146 245 3218 (ΕΙ).
262 3146 307 3201 ad.
317 3149 375 3200 Att.
392 3147 437 3216 11,
450 3149 480 3221 a)
497 3148 566 3203 dicit
580 3169 586 3204 ι
604 3174 614 3198 ν
630 3146 800 3218 Πελληναίων
814 3158 843 3206 in
857 3161 948 3209 mani-

178 3233 227 3292 bus
248 3233 423 3300 terrebam,...
447 3232 587 3310 Κορινθίων
607 3234 652 3292 καὶ
668 3233 809 3304 Ἀθηναίων
820 3253 888 3312 puto
908 3261 952 3296 me

177 3321 273 3374 uoaenoe
290 3317 403 3374 habere.
421 3343 433 3370 ι
447 3324 488 3376 Ac
502 3341 589 3394 quum
601 3325 716 3377 omnino
728 3336 834 3380 constet
847 3331 949 3402 scripta

176 3414 302 3460 veterum
322 3407 352 3460 in
365 3407 473 3462 minuta
485 3409 629 3464 volumina
649 3409 766 3482 dispesci
779 3412 860 3480 solita¹
877 3433 949 3486 esse,

177 3501 256 3546 tanto
268 3491 374 3548 facilius
387 3493 418 3548 id
435 3492 496 3550 fieri
515 3507 627 3568 poterat
642 3498 716 3554 iniis
736 3501 881 3571 operibus,
901 3503 949 3557 ubi

177 3581 257 3634 sicuti
279 3581 308 3634 in
334 3592 431 3636 nostro
447 3582 562 3656 singulae
584 3595 677 3655 partes
697 3586 817 3640 arctiore
836 3589 949 3645 vinculo

177 3664 332 3735 conjunctae
340 3667 412 3720 inter
422 3685 451 3734 se
459 3685 519 3722 non
532 3679 621 3723 erant.
632 3670 775 3742 Simulque
787 3673 852 3728 inde
861 3676 950 3748 liquet

176 3771 260 3825 quam
273 3752 355 3809 facile
368 3741 496 3828 genitinis
510 3756 577 3812 addi
588 3759 682 3830 spuria
695 3763 848 3832 potuerint.

214 3841 344 3911 Ceterum
357 3859 411 3896 sec.
422 3843 578 3917 Diogenem
592 3847 734 3912 Laertipm
746 3848 765 3902 l.
779 3849 798 3916 l,
813 3851 947 3907 Aristote-

174 3927 214 3982 les
223 3929 335 4000 politias
345 3946 406 3983 suas
417 3931 453 3984 ita
464 3911 656 4001 distribuerit,
667 3945 699 3988 ut
713 3953 747 3989 ex
761 3936 862 3992 ordine
870 3957 944 3993 seor·

174 4033 235 4072 sum
251 4014 357 4069 diceret
371 4015 408 4070 de
426 4016 635 4088 democraticis,
652 4020 688 4075 de
703 4022 891 4095 oligarchicis,
912 4026 947 4082 de

174 4103 376 4170 aristocraticis‚
387 4113 439 4158 ete.
452 4105 589 4161 Jamvcro
599 4126 686 4178 quum
696 4109 837 4182 pleraeque
851 4113 945 4168 civita·

175 4199 215 4242 teo
224 4189 283 4242 aliis
294 4190 465 4262 temporibus
483 4189 566 4245 aliam
580 4195 741 4266 reipublicae
761 4195 879 4252 formam
893 4199 944 4255 ha-

173 4274 301 4341 buerint,
317 4294 385 4329 nuru
402 4287 532 4349 putemus
546 4280 723 4334 Aristotelem
736 4281 859 4352 ejusdem
874 4287 945 4340 civi-

173 4362 236 4418 tatis
242 4360 385 4414 historiam
394 4363 433 4414 ita
441 4362 628 4435 discerpsisse,
641 4375 672 4418 ut
679 4367 761 4420 aliam
770 4367 828 4438 ejus
836 4382 945 4440 partem

174 4447 229 4499 alio
243 4445 319 4500 libro
335 4447 480 4502 tractaret?
493 4450 584 4512 Nemo,
601 4451 688 4520 ullus,
710 4465 794 4524 puto,
809 4457 862 4510 tale
876 4460 945 4529 quid

172 4525 226 4580 sibi
237 4526 412 4596 persuaserit.
426 4527 495 4588 Nam
509 4530 551 4582 uti
566 4528 642 4587 cadit
652 4530 707 4584 hoc
717 4532 747 4586 in
760 4533 944 4594 theoreticam

173 4629 244 4683 opus
257 4612 455 4681 Ροίίιίοοοιιιιι,
468 4614 506 4667 sic
516 4615 551 4668 ab
562 4615 694 4672 historica
707 4631 803 4676 nostra
817 4641 941 4698 πραγμα-

172 4694 229 4774 τείορ
242 4715 357 4769 prorsus
370 4709 410 4753 est
419 4699 557 4770 alienum,
575 4701 648 4757 adeo
662 4715 694 4758 ut
708 4708 827 4779 suspicio
845 4728 942 4767 nasca-

202 4821 233 4882 (*)
248 4821 354 4870 Verbum
366 4823 422 4880 φησὶ
436 4823 473 4873 vel
483 4824 532 4874 tale
548 4827 605 4888 quid
621 4827 696 4878 latere
710 4831 845 4892 suspicatur
861 4838 944 4888 Graes·

171 4892 220 4942 1ιοί.
234 4893 258 4940 in
269 4890 362 4940 Jahn'a
371 4892 463 4942 Jahrb.
480 4897 580 4957 1829‚p.
598 4899 649 4944 stt.
665 4898 774 4948 conferri
785 4905 862 4962 potest
872 4904 901 4953 ir.
913 4912 942 4956 29

170 4976 201 5011 cr
213 4961 409 5022 llarpoeratione,
424 4963 464 5011 ubi
474 4963 551 5013 codex
569 4970 589 5015 Δ
603 4967 703 5018 Belleri
718 4969 790 5021 habet
802 4973 941 5037 ιἈριστοτέ-

171 5029 209 5086 λης
222 5031 245 5078 ἐν
254 5036 282 5092 τῇ
297 5029 316 5078 α’
328 5031 450 5088 Ἀθηναίων
462 5035 573 5096 πολιτείᾳ.
631 5097 639 5110 .

1004 322 1253 386 FRAGMENTA.

1008 464 1066 527 tur,
1080 473 1116 510 an
1132 474 1191 510 non
1205 456 1321 512 Politice
1332 476 1398 513 eum
1412 461 1519 518 Politiis
1530 465 1672 538 Diogenes
1685 467 1793 524 confrr—

1010 538 1096 596 derit.
1110 543 1160 596 Sin
1172 544 1233 597 veri
1242 543 1314 620 quid
1332 547 1437 601 Laertii
1450 551 1612 606 testimonio
1626 554 1737 623 urbest,
1750 558 1793 610 ita

1012 628 1101 699 egerit
1121 629 1297 699 Aristoteles,
1318 641 1352 685 ut
1373 632 1520 691 historiam
1538 637 1655 710 quidem
1668 640 1796 712 cujusvis

1012 713 1131 768 civitatis
1139 717 1297 772 universam
1310 736 1463 793 omnesque
1478 740 1548 795 quas
1558 742 1678 798 queque
1691 728 1794 783 subie-

1008 799 1046 853 rit
1057 801 1218 872 reipublice
1232 801 1337 860 formas
1353 805 1456 861 eodem
1467 823 1624 866 recenseret
1634 813 1716 882 loeo,
1737 825 1789 868 to-

1008 895 1064 939 tam
1077 887 1205 960 politiam
1215 906 1284 946 vero
1303 890 1558 950 democratiearum
1581 898 1625 952 vel
1637 901 1793 954 aristocra-

1009 971 1127 1026 ticarnm
1146 974 1224 1029 classi
1235 976 1406 1046 vindicaret,
1426 983 1525 1053 prouti
1537 982 1581 1036 vel
1595 983 1654 1037 haeo
1668 986 1717 1040 vel
1738 987 1789 1042 illa

1008 1058 1170 1129 reipublice
1189 1066 1279 1116 forma
1291 1066 1464 1134 praevaleret.
1483 1069 1553 1138 Quae
1566 1068 1684 1140 quidem
1704 1073 1791 1127 ordi-

1008 1145 1085 1198 natio
1102 1153 1135 1198 ut
1148 1145 1301 1218 plurimum
1319 1150 1487 1206 concidebat
1508 1171 1573 1207 curn
1595 1173 1628 1210 ea
1648 1156 1791 1214 distribu-
1875 1163 1883 1172 '

1008 1230 1086 1284 tione
1100 1249 1185 1302 quam
1193 1233 1292 1306 stirpes
1303 1245 1387 1307 atque
1398 1249 1493 1310 gentes
1501 1239 1664 1296 Graecorum
1678 1261 1791 1319 suppe-

1008 1313 1143 1370 ditabant.
1158 1317 1241 1372 Plura
1252 1336 1287 1373 ex
1299 1320 1343 1374 his
1353 1340 1381 1375 v.
1395 1323 1425 1376 in
1439 1324 1518 1395 praef.
1533 1325 1570 1380 ad
1583 1329 1776 1388 Heraclidem

1045 1403 1107 1456 Jam
1120 1405 1267 1475 quomodo
1279 1406 1309 1459 in
1319 1408 1435 1482 singulis
1445 1411 1603 1474 civitatibus
1617 1417 1790 1474 Aristoteles

1005 1505 1066 1542 rem
1080 1493 1252 1559 tractaverit,
1267 1491 1297 1545 id
1312 1491 1420 1568 fingere
1433 1497 1543 1558 ratione
1559 1517 1669 1555 summo
1688 1505 1790 1576 philo·

1004 1575 1094 1646 sopho
1113 1575 1209 1649 digna,
1220 1596 1305 1650 quam
1320 1579 1355 1634 ex
1368 1579 1495 1653 reliquiis
1506 1584 1700 1644 demonstrare
1712 1591 1789 1647 faci-

1004 1660 1057 1715 lius
1079 1672 1130 1718 est.
1143 1664 1242 1734 Neque
1254 1666 1330 1719 enim
1343 1667 1433 1726 ullum
1450 1670 1566 1741 majoris
1584 1675 1707 1732 ambitus
1723 1679 1790 1736 fra-

1004 1757 1149 1819 gmentum
1172 1753 1369 1821 transnatavit,
1394 1755 1444 1810 sed
1463 1759 1646 1815 minutissima
1672 1775 1790 1822 tantum

1003 1833 1124 1890 frustula*
1131 1839 1378 1910 grammaticorum
1391 1844 1511 1899 maxime
1525 1855 1554 1900 et
1563 1846 1788 1924 lexicographo-

1003 1921 1219 1994 rumdiligentia
1228 1926 1311 1980 nobis
1320 1938 1430 1982 servata
1437 1941 1511 1984 stant.
1523 1933 1652 2002 Quorum
1660 1956 1694 1991 ex
1702 1958 1788 1995 com·

1001 2009 1146 2077 paratione
1160 2009 1214 2064 hoc
1227 2020 1321 2066 umen
1334 2014 1458 2087 colligas,
1471 2017 1584 2072 initium
1594 2034 1739 2080 auctorem
1753 2030 1787 2083 in

1001 2091 1116 2165 singulis
1125 2095 1329 2169 rebuspublicis
1347 2099 1442 2156 fecisse
1451 2103 1487 2156 ab
1498 2109 1674 2178 exponendis
1681 2114 1788 2168 eivita-

1003 2187 1062 2230 tiam
1095 2181 1195 2250 initiis,
1214 2185 1316 2256 populi
1341 2187 1513 2260 originibus,
1534 2193 1692 2269 fabulisque
1716 2219 1787 2273 quae

1002 2281 1066 2318 cum
1086 2266 1128 2321 his
1149 2269 1305 2340 conjunctae
1332 2286 1420 2328 erant
1441 2273 1606 2348 Cuiusmodi
1626 2299 1786 2357 argumen-

1001 2351 1036 2403 tis
1058 2351 1134 2408 bona
1159 2373 1224 2426 pars
1244 2356 1464 2431 fragmentorum
1492 2365 1654 2424 absumitur.
1677 2371 1787 2431 Indole

1001 2449 1093 2492 autem
1101 2441 1136 2494 ab
1143 2444 1351 2499 narrationibus
1360 2446 1601 2522 logographorum
1612 2467 1697 2528 atque
1710 2459 1786 2515 Κτί-

1000 2542 1066 2578 σεων
1079 2529 1247 2599 scriptorum
1260 2530 1332 2585 nihil
1344 2533 1490 2592 differunt.
1502 2538 1628 2595 Eandem
1640 2545 1725 2615 plane
1735 2550 1784 2603 fa-

999 2608 1072 2664 bulae
1086 2611 1139 2665 illae
1152 2631 1211 2685 prae
1230 2633 1259 2670 se
1270 2616 1364 2671 ferunt
1380 2621 1587 2694 simplicitatem
1603 2638 1689 2701 atque
1703 2637 1784 2688 anti-

1000 2697 1050 2767 qui
1071 2699 1122 2751 aevi
1142 2700 1324 2770 cruditatem
1346 2707 1426 2760 nullo
1447 2709 1548 2765 criseos
1562 2712 1645 2783 fuco,
1664 2720 1783 2788 qualem

994 2783 1143 2854 Ephorus,
1167 2787 1214 2841 alii
1234 2789 1268 2843 iis
1286 2789 1491 2864 adhibuerunt,
1515 2798 1677 2857 adulteratae
1699 2819 1779 2866 sunt.

997 2871 1063 2924 Non
1076 2873 1229 2928 excludunt
1236 2875 1295 2930 haee
1306 2896 1370 2933 acre
1381 2891 1465 2954 atque
1477 2887 1624 2958 perspicax
1634 2889 1670 2945 de
1682 2893 1717 2947 iis
1726 2912 1780 2948 re-

997 2956 1051 3012 bus
1060 2957 1214 3029 judicium3
1235 2974 1264 3018 at
1282 2964 1390 3022 indicia
1412 2969 1471 3042 ejus
1484 2973 1515 3028 in
1527 2975 1652 3047 reliquiis
1672 2985 1781 3043 neuris

997 3061 1057 3098 non
1069 3058 1231 3102 occurrunt.
1247 3051 1378 3106 Cetenun
1389 3055 1411 3107 si
1423 3057 1551 3128 genuinis
1563 3063 1670 3132 politiis
1680 3068 1779 3123 mixtae

996 3143 1061 3186 sunt
1070 3135 1186 3204 spuriae,
1202 3137 1281 3208 quod
1294 3157 1359 3194 sane
1369 3141 1440 3195 nihil
1453 3145 1584 3217 mirarer,
1599 3153 1715 3223 vestigia
1727 3172 1779 3211 ea-

996 3236 1060 3272 rum
1075 3221 1153 3302 iniis
1169 3225 1289 3279 maxime
1306 3228 1413 3298 politiis
1429 3235 1607 3304 agnoverim,
1626 3239 1779 3312 inquibus

996 3305 1033 3360 de
1044 3309 1174 3379 mythicis
1187 3311 1271 3365 rebus
1286 3313 1387 3387 longus
1395 3333 1487 3371 sermo
1500 3318 1582 3376 fuisse
1595 3324 1720 3384 videtur.

1035 3396 1124 3467 Igitur
1141 3396 1177 3450 ab
1191 3399 1334 3459 civitamm
1347 3402 1461 3458 initiise
1479 3416 1574 3476 terrae,
1593 3410 1659 3481 soli,
1675 3416 1777 3489 stirpis

995 3483 1127 3536 varietate
1136 3486 1295 3555 repetendis
1302 3488 1445 3560 profectus
1453 3493 1615 3550 Aristoteles
1626 3498 1774 3560 historiam

994 3583 1089 3622 earum
1111 3573 1270 3643 exposuisse
1284 3585 1396 3630 eatenus
1407 3577 1529 3647 videtur,
1547 3594 1687 3653 quatenus
1706 3608 1774 3646 cum

994 3655 1155 3726 reipublicae
1162 3649 1359 3716 constitutione
1364 3662 1479 3736 ejusque
1485 3671 1689 3730 mutationibus
1700 3695 1773 3731 con,

990 3739 1089 3810 juncta
1113 3755 1182 3798 erat.
1199 3747 1266 3816 Quae
1285 3749 1400 3819 quidem
1413 3770 1479 3825 pars
1490 3772 1544 3825 pro
1563 3759 1700 3829 gravitate
1720 3783 1772 3821 sua

993 3829 1071 3897 quasi
1084 3829 1170 3884 cardo
1184 3833 1269 3886 totius
1283 3837 1377 3906 operis
1388 3854 1445 3892 esse
1459 3839 1567 3897 debuit.
1584 3845 1622 3897 At
1641 3848 1770 3921 reliquiae

992 3925 1093 3968 nostrae
1107 3915 1143 3970 de
1157 3918 1200 3972 his
1219 3931 1284 3973 sunt
1298 3924 1477 3994 tenuissimae3
1500 3925 1572 3980 adeo
1592 3941 1623 3982 ut
1643 3933 1768 4004 plurima

992 4019 1054 4071 quae
1067 4020 1102 4056 eo
1113 4015 1253 4075 spectent,
1271 4025 1286 4060 e
1301 4009 1484 4064 Politicorum
1502 4032 1590 4086 opere
1602 4017 1770 4081 advocanda

990 4086 1053 4144 sint.
1074 4089 1205 4143 Ceterum
1217 4103 1322 4163 quanta
1331 4090 1477 4168 diligentia
1486 4111 1515 4152 et
1536 4099 1656 4180 ἀκριὸείᾳ
1666 4122 1770 4165 auctor

990 4184 1113 4227 versatus
1126 4176 1160 4228 sit
1174 4178 1203 4230 in
1228 4180 1404 4235 recensendis
1425 4188 1700 4258 rerumpublicarum
1722 4198 1767 4251 in·

989 4260 1104 4328 stitutis,
1114 4264 1331 4335 magistratibus,
1343 4273 1502 4327 oeconomia
1511 4285 1540 4328 et
1550 4275 1697 4350 disciplina
1708 4301 1767 4356 pu-

989 4345 1078 4414 bliea,
1093 4365 1125 4401 re
1144 4350 1275 4418 militari,
1298 4359 1488 4427 commerciis,
1503 4367 1655 4435 mensuris,
1677 4387 1768 4425 num-

989 4434 1055 4500 mis,
1081 4445 1109 4486 et
1130 4453 1192 4506 quae
1214 4438 1270 4492 huc
1294 4441 1347 4496 alia
1366 4445 1521 4516 pertinent,
1543 4467 1577 4504 es
1601 4451 1767 4527 fragmentis

989 4520 1108 4593 reipubl.
1121 4520 1331 4580 Atheniensium
1343 4540 1371 4583 et
1384 4532 1665 4594 Lacedaemoniorum
1680 4541 1766 4616 (qui-

988 4605 1110 4678 hasprae
1128 4613 1226 4665 ceteris
1236 4611 1308 4668 adde
1320 4615 1355 4672 fr.
1371 4635 1418 4690 99.
1440 4637 1505 4676 ror.
1527 4624 1593 4680 116.
1609 4644 1675 4696 207.
1693 4649 1764 4689 aaa.

990 4691 1054 4748 τιὸ.
1080 4693 1156 4769 aia)
1179 4685 1334 4772 intelligere
1353 4703 1445 4759 adhuc
1459 4706 1533 4764 licet.
1553 4712 1637 4766 Haud
1651 4717 1766 4774 minore

988 4796 1055 4832 eura
1073 4797 1168 4835 mores
1187 4785 1250 4838 vitae
1272 4787 1386 4857 privatae
1408 4806 1570 4861 persecutus
1588 4795 1683 4853 fuerit.
1701 4804 1764 4858 No·

989 4864 1072 4920 tanda
1090 4866 1213 4940 denique
1233 4874 1453 4942 proverbiorum
1473 4895 1508 4932 ex
1525 4881 1642 4939 historia
1660 4889 1763 4955 velex

987 4952 1112 5007 moribus
1149 4956 1314 5013 institutisve
1343 4962 1576 5035 explicandorum
1601 4970 1763 5044 frequentia

989 5033 1658 5122 (fr.rto.*139.143.167a.168.170.176.181.
1674 5061 1761 5135 193).
