3834 5767
822 401 1067 466 releuaret.
1317 395 1322 404 ’
1438 458 1444 470 .
1668 422 1724 470 111

135 529 280 602 syncellus
302 547 416 602 quoque
429 530 468 584 ita
482 531 551 604 egit,
568 531 690 605 itemque
713 535 798 588 Vetus
816 533 908 588 Chro-
955 555 985 608 p.
1005 537 1120 605 103,C:
1135 533 1189 592 Καὶ
1201 532 1343 602 διεδέξαντο
1354 538 1495 595 Τανῒται
1508 541 1693 615 βασιλεῖςδ,
1705 540 1730 598 οἳ

134 618 234 685 eicon,
246 615 325 688 cujus
338 619 447 690 priores
460 635 538 690 reges
551 618 725 690 quindecim,
746 620 796 674 etsi
815 620 911 673 nomi·
955 618 999 677 καὶ
1010 620 1181 678 teneurunt
1199 622 1333 698 Αἰγύπτου
1347 623 1390 680 ἐπὶ
1410 628 1456 694 τῆς
1473 625 1504 692 ιζ’
1522 625 1670 692 δυναστείας
1684 626 1729 698 ἔτη

133 705 222 757 nntim
249 721 308 758 non
337 715 523 773 recensentur,
547 705 647 760 eodem
669 705 756 760 modo
778 717 861 778 atque
882 708 910 760 in
955 706 1009 763 σνδ
1026 709 1102 781 (deb.
1125 706 1188 766 ne'.
1204 709 1289 784 259),
1310 713 1344 772 ὡς
1364 708 1421 776 ἑξῆς
1440 709 1627 787 ἓατοιχείωται.
1647 711 1730 768 Vides

132 791 345 851 Eratosthenieo
362 792 497 846 laterculo
509 790 660 846 adornatos
673 793 754 846 sitisse
767 792 834 847 inde
852 795 914 847 col-‘
955 791 1114 864 Syncellum
1126 797 1156 849 in
1170 795 1247 851 fonte
1256 815 1306 852 sno
1320 799 1454 870 reperisse
1468 797 1620 870 dynastiam
1630 818 1729 874 regum

133 877 241 952 ligitur,
264 877 344 950 quod
364 879 429 931 anni
453 876 525 945 443,
547 878 577 931 111
595 881 694 935 Vetere
715 878 855 933 Chronico
880 879 911 932 iis
956 890 1097 950 quattuor,
1107 883 1147 936 uti
1156 894 1196 937 est
1207 902 1253 956 ap.
1264 886 1515 956 Eusebium.Quod
1524 905 1578 958 pro
1587 888 1729 941 annis103

132 964 260 1018 attributi
287 966 399 1038 egregie
434 963 605 1042 respondent
629 967 707 1018 annis
740 964 813 1034 443,
840 983 911 1037 quos
955 967 1212 1042 ponitanuos259,
1225 969 1255 1024 id
1263 971 1730 1046 incredibiliauctorisnegligentiae

132 1050 329 1105 Eratosthenes
353 1052 440 1105 Menae
459 1051 574 1124 ejusque
594 1053 797 1106 successoribus
824 1063 911 1124 quat·
956 1047 1084 1110 debetur.
1105 1057 1215 1109 Etenim
1232 1057 1262 1110 in
1273 1075 1349 1129 seqq.
1367 1058 1435 1112 dicit
1445 1076 1474 1112 se
1490 1060 1520 1112 iu
1530 1061 1731 1115 constituendis

131 1136 291 1194 tuendecint
305 1139 431 1211 assignat.
956 1149 1099 1210 pastorum
1107 1140 1239 1214 dynastiis
1257 1143 1333 1197 nolle
1352 1144 1551 1199 Marathonem
1571 1147 1662 1216 sequi,
1682 1148 1730 1200 sed

172 1223 315 1294 Syncellus
332 1222 514 1296 reprehendit
528 1223 724 1278 blanetbonem
739 1234 771 1277 ut
792 1225 840 1295 qui
861 1242 909 1277 re·
955 1226 1086 1296 praeferre
1095 1229 1209 1300 Joscphi
1217 1241 1389 1301 computum.
1397 1231 1534 1303 Iosephus
1543 1251 1611 1285 vero
1626 1251 1728 1286 trume-

132 1310 215 1384 gibus
229 1309 359 1365 tribuerit
370 1308 540 1365 ann0s3555
554 1307 598 1384 V).
609 1311 717 1366 Etenim
730 1313 841 1366 Illenem
854 1328 910 1365 esse
955 1311 1731 1394 11116114111111111111159,(11018111111111111111411ςί11111

134 1395 254 1450 eundem
273 1407 356 1469 atque
378 1399 514 1466 Misraim5
531 1397 566 1450 de
579 1396 661 1468 bujus
687 1415 755 1452 vero
781 1408 908 1470 tempore
955 1400 1130 1456 blanetbonis
1139 1405 1182 1456 sui
1193 1405 1287 1476 inepte
1299 1408 1466 1478 composuit.
1480 1408 1564 1461 Haud
1577 1409 1668 1461 minus
1682 1409 1732 1462 ab·

133 1494 261 1538 constare
276 1502 292 1538 e
307 1484 386 1538 libris
397 1487 494 1558 sacris3
509 1501 631 1555 quorum
647 1485 812 1538 auctoritate
831 1485 907 1538 inni-
955 1485 1040 1540 surde
1052 1489 1214 1544 lllanethoni
1221 1494 1341 1563 opponit
1351 1492 1518 1564 Josepbmu,
1528 1494 1576 1564 qui
1588 1495 1646 1566 ipse
1655 1511 1703 1547 sua
1716 1513 1732 1547 e

134 1580 238 1624 tentem
248 1587 276 1624 se
288 1570 323 1625 ab
338 1571 416 1625 annis
428 1572 481 1625 illis
496 1569 571 1625 3555
582 1588 706 1626 resecare
719 1589 806 1626 annos
822 1589 908 1643 1090,
956 1573 1123 1629 blanctbone
1132 1575 1223 1645 affert,
1234 1595 1321 1648 quum
1329 1577 1449 1632 diversas
1456 1579 1660 1652 chronologias,
1671 1598 1732 1650 quae

134 1657 173 1711 ita
182 1666 213 1712 ut
222 1659 419 1730 AEgyptiorum
426 1674 543 1731 regnum
552 1659 715 1730 steteritper
722 1676 809 1712 annos
819 1657 906 1712 2365.
956 1678 1053 1714 ornnes
1068 1663 1231 1718 Manetboui
1246 1665 1445 1733 tribuerentur,
1457 1684 1602 1738 opponere
1615 1667 1668 1720 sibi
1679 1666 1731 1720 de—

135 1745 176 1798 Ex
188 1745 242 1798 boc
256 1745 342 1817 igitur
360 1755 494 1816 computo
509 1745 651 1818 proiectus
665 1746 809 1817 Syncellus
830 1763 910 1800 suum
956 1747 1069 1804 buisset.
1082 1750 1133 1804 Vel
1151 1750 1232 1818 binc,
1244 1753 1325 1806 sicuti
1339 1769 1373 1806 ex
1387 1753 1447 1806 aliis
1464 1751 1588 1821 indiciis,
1604 1771 1666 1824 quae
1680 1771 1731 1806 re-

136 1830 277 1902 quendum
290 1847 386 1904 regum
399 1831 562 1886 laterculum
573 1832 770 1898 constituit,in
779 1849 836 1904 quo
845 1831 911 1886 inde
956 1833 1030 1888 ferre
1052 1835 1169 1908 longum
1190 1849 1230 1891 est
1252 1837 1289 1910 (v.
1311 1837 1425 1893 soecth.
1449 1857 1479 1911 p.
1506 1837 1591 1911 286),
1615 1851 1731 1910 apparet

134 1920 246 1972 aMene
263 1934 350 1989 nsque
369 1916 406 1972 ad
419 1918 528 1972 Eusebii
551 1918 703 1991 dynastiam
716 1920 782 1974 XVI
801 1920 910 1974 nonnisi
957 1921 1046 1993 ipsum
1069 1923 1227 1995 Syncellum
1246 1943 1306 1979 nou
1323 1926 1473 1997 inspexisse
1492 1925 1579 1979 libros
1601 1918 1730 1998 Iosepbi,

138 2021 179 2072 ¹7·
197 2021 275 2076 reges
294 2005 415 2075 annique
438 2001 493 2057 510
517 2015 705 2061 recensentur.
726 2005 810 2061 Unde
834 2015 911 2078 patet
956 2007 1005 2062 sed
1016 2021 1068 2062 'sua
1084 2010 1219 2064 iuvenisse
1236 2011 1313 2083 apud
1327 2013 1427 2079 alium,
1449 2012 1628 2067 Panodorum
1648 2022 1728 2084 puto.

101 2161 104 2168 Ι
138 2091 308 2143 mutationes
320 2089 441 2162 Syncelli
453 2089 537 2164 longe
549 2090 682 2162 plurimas
693 2089 729 2144 ad
741 2093 911 2164 antiquiores
956 2095 1092 2148 Praeterea
1105 2112 1141 2148 ex
1153 2096 1240 2158 allatis
1253 2098 1417 2170 intelligitur
1438 2116 1523 2170 quam
1535 2109 1639 2153 temere
1652 2099 1731 2169 Syn-

135 2176 185 2230 bas
202 2175 339 2247 dynastiae
358 2175 517 2230 referendas
531 2193 601 2246 esse,
623 2177 653 2230 id
668 2177 746 2249 quod
763 2180 845 2233 etiarn
859 2197 911 2251 per
957 2179 1042 2233 cellus
1055 2181 1206 2235 Eusebium
1219 2183 1402 2249 incusaverit,
1417 2182 1496 2254 quod
1514 2183 1561 2237 ille
1579 2183 1732 2256 dynastiam

136 2278 165 2315 se
189 2263 419 2322 verisimillimum
443 2273 490 2316 est.
512 2263 573 2316 Iam
592 2280 660 2317 vero
685 2281 772 2338 quum
797 2267 911 2320 nomina
956 2267 1040 2321 XVII
1052 2284 1103 2322 suo
1119 2269 1236 2323 arbitrio
1250 2271 1441 2324 constituisset.

138 2364 237 2422 regum
249 2350 401 2421 aSyncello
414 2348 640 2404 elfictaessenon
651 2351 685 2404 sit
695 2369 746 2405 cur
756 2352 910 2420 credamus,
996 2356 1086 2408 Porro
1107 2353 1260 2410 Africanus
1280 2356 1411 2428 dynastiae
1430 2354 1731 2430 11111114110014.)

138 2436 198 2506 ipse
218 2434 360 2506 Syncellus
375 2445 468 2489 autem
489 2454 571 2490 suum
586 2448 749 2510 computum
765 2439 910 2510 componit
957 2449 1036 2505 reges
1054 2450 1173 2501 novem,
1188 2451 1276 2488 anuos
1295 2451 1349 2488 tao
1368 2435 1480 2503 tribuit,
1504 2437 1618 2489 uomina
1640 2447 1732 2490 autem

136 2520 272 2575 camillo
296 2521 470 2576 Manethonis
491 2522 650 2578 Panodorei
671 2534 911 2580 :consentaneum
959 2536 1058 2592 regum
1080 2538 1138 2573 nou
1157 2530 1283 2575 recenset
1295 2522 1347 2574 nisi
1368 2521 1468 2590 trium,
1485 2521 1533 2592 qui
1547 2533 1664 2593 regnant
1681 2540 1734 2593 per

136 2618 178 2661 est
188 2607 348 2674 laterculos,
361 2625 396 2662 ex
409 2609 510 2680 quibus
524 2610 697 2682 Syncelliana
708 2629 806 2684 regum
826 2613 910 2666 series
958 2623 1047 2660 annos
1058 2613 1104 2679 49.
1113 2607 1245 2662 Eusebius
1254 2619 1352 2662 contra
1363 2609 1474 2662 nonnisi
1485 2619 1540 2662 tres
1551 2608 1632 2678 hujus
1643 2608 1733 2680 dyna-

135 2693 258 2766 prodiit,
276 2693 352 2748 baud
372 2695 440 2748 alios
460 2711 516 2750 esse
539 2706 623 2767 atque
645 2697 820 2752 Manethonis
839 2698 912 2752 illius
960 2694 1016 2747 stiae
1026 2712 1104 2767 reges
1113 2695 1204 2762 luisse,
1215 2713 1318 2767 eosque
1330 2713 1381 2767 per
1391 2714 1480 2750 annos
1493 2701 1663 2768 ipregnasse
1675 2707 1732 2750 tra-

137 2779 305 2835 Panodorei.
324 2779 377 2836 Hic
391 2797 459 2834 rero
473 2777 604 2837 llIanetbo
617 2801 704 2854 quum
718 2784 776 2855 ipse
789 2801 824 2837 ex
838 2785 911 2838 anti·
958 2779 1009 2832 dit.
1030 2783 1097 2850 Quae
1120 2781 1304 2853 discrepantia
1330 2779 1439 2836 Eusebii
1457 2781 1618 2836 festinantiae
1640 2784 1734 2854 impu-

136 2869 237 2940 quiore
251 2867 420 2923 Manethone
435 2867 594 2923 decurtatus
609 2887 664 2924 esse
679 2870 794 2938 debeat,
808 2871 912 2925 deinde
959 2867 1042 2921 tanda
1050 2886 1108 2922 esse
1115 2868 1225 2923 videtur
1233 2870 1447 2941 quammaxime.
1456 2871 1734 2942 AttamenSyncellus

136 2971 204 3009 vero
218 2955 340 3028 Syncelli
353 2955 480 3009 laterculi
494 2956 523 3008 in
536 2957 630 3010 multis
641 2957 771 3011 simillimi
785 2958 840 3011 sint
856 2959 912 3011 Eu-
925 3023 927 3028 Ι
958 2971 1073 3026 quoque
1082 2957 1172 3010 insuo
1184 2957 1318 3010 laterculo
1330 2955 1374 3030 (p.
1390 2955 1457 3023 184)
1469 2957 1580 3010 nonnisi
1591 2967 1645 3009 tres
1655 2975 1734 3029 reges

137 3040 272 3107 sebianis,
288 3041 431 3112 Syncellus
445 3051 537 3096 autem
550 3061 598 3097 sua
608 3060 641 3097 ex
652 3043 770 3098 Eusebio
781 3044 910 3116 depromi
957 3037 967 3113 (
975 3041 1012 3093 N⁰
1024 3038 1131 3116 71-74)
1151 3061 1214 3097 cum
1227 3044 1306 3098 anuis
1327 3050 1363 3114 49
1385 3054 1517 3097 recenset.
1538 3045 1676 3096 11011110
1698 3063 1731 3097 cx

138 3144 197 3180 non
209 3128 350 3199 potuerit:
361 3127 426 3181 binc
438 3146 489 3182 nos
498 3129 655 3202 colligimus
664 3149 840 3186 communem
850 3131 918 3202 11111-ι
958 3127 1078 3183 Eusebio
1098 3147 1158 3182 nou
1173 3131 1260 3203 magis
1272 3131 1403 3202 petiverit
1414 3147 1497 3200 quam
1511 3147 1589 3202 reges
1603 3129 1733 3201 dynastia.-

137 3212 469 3269 dumsubesselaterculis
479 3217 652 3270 Manethonis
662 3218 807 3272 Eusebiani
821 3230 848 3273 et
861 3220 913 3272 Pa·
958 3214 1038 3280 XVI,
1057 3213 1142 3286 idque
1158 3217 1202 3269 vel
1215 3214 1281 3270 inde
1298 3217 1449 3289 colligitur,
1465 3215 1542 3287 quod
1559 3216 1643 3287 primi
1661 3219 1734 3289 regis

136 3299 267 3356 nodorei.
283 3299 454 3356 Confirmare
465 3303 627 3356 sententiam
636 3304 768 3376 exemplis
782 3304 910 3359 studebo.
958 3317 1063 3354 nomen
1076 3320 1134 3355 non
1146 3302 1222 3357 idem
1238 3303 1323 3357 tradit
1337 3314 1465 3374 uterque.
1483 3305 1591 3372 Quare,
1610 3304 1659 3356 etsi
1674 3321 1732 3358 non

177 3385 305 3459 Dynastia
322 3387 388 3441 XVI
401 3385 481 3459 apud
498 3375 646 3442 Eusebium
660 3389 740 3443 fuisse
754 3389 855 3443 dicitm
870 3409 913 3444 re·
958 3403 1031 3459 nego
1044 3398 1098 3442 tres
1107 3405 1185 3461 reges
1197 3388 1264 3459 dyn.
1277 3389 1385 3443 XXVll
1398 3388 1463 3442 inde
1475 3398 1552 3442 ortos
1564 3407 1635 3457 esse,
1655 3389 1733 3460 quod

138 3484 280 3547 gumocto
292 3469 385 3546 (η’;111
395 3476 540 3528 enimcum
550 3475 610 3531 Vet.
618 3475 723 3530 Chron.
735 3477 912 3531 scribendum
958 3471 987 3524 bi
1006 3484 1113 3526 tantum
1129 3476 1294 3528 nominatim
1313 3475 1504 3530 asserebantur
1525 3476 1554 3528 iu
1576 3477 1734 3547 antiquiore

137 3577 192 3632 pro
217 3555 249 3626 ε’,
276 3571 391 3614 notante
423 3560 582 3629 Boeckhiol,
615 3580 809 3634 annorumque
846 3582 910 3635 ¹9⁰·
960 3557 1111 3632 laterculo,
1126 3561 1194 3613 nibil
1207 3572 1300 3614 tamen
1312 3572 1351 3614 est
1363 3581 1414 3615 cur
1428 3562 1458 3616 id
1475 3561 1585 3616 Eusebii
1598 3563 1706 3633 culpas
1719 3595 1734 3604 -

139 3647 247 3702 Eodem
259 3645 346 3700 modo
360 3646 521 3701 Cbrouicon
531 3650 616 3702 Vetus
628 3650 730 3703 statuit.
745 3651 853 3723 Regum
864 3670 913 3704 no-
959 3654 1034 3696 ctum
1047 3661 1103 3698 esse
1116 3663 1284 3700 censeamus.
1515 3634 1525 3652 ⁰
1734 3675 1746 3701 1

138 3735 213 3788 mina
228 3751 319 3806 neque
338 3733 469 3786 Eusebius
485 3751 577 3806 neque
595 3738 678 3789 Vetus
691 3736 853 3791 Chronicou
865 3755 912 3792 re-
998 3731 1047 3784 His
1059 3731 1232 3802 potissimum
1247 3731 1357 3788 indiciis
1368 3733 1445 3789 ducti
1456 3734 1595 3788 laterculis
1606 3735 1732 3799 Eusebii,

138 3831 242 3876 censet.
256 3823 317 3874 Jatn
338 3838 533 3893 comparemus
548 3823 716 3894 Syncellum.
739 3823 823 3896 Apud
839 3825 913 3879 hunc
958 3815 1114 3884 Panodori,
1138 3820 1244 3874 Veteris
1263 3819 1397 3875 Chronici
1420 3833 1448 3876 et
1470 3821 1591 3892 Syncelli
1612 3820 1731 3874 fraudum

140 3904 186 3985 (p.
207 3908 274 3980 104)
299 3925 348 3961 rex
371 3908 516 3962 vicesimus
528 3919 619 3963 sextus
630 3919 669 3962 est
683 3911 696 3964 ὁ
710 3911 810 3986 πρῶτος
822 3912 871 3964 τῶν
887 3907 912 3976 ἓξ
959 3921 1135 3960 communem
1157 3904 1266 3960 subesse
1283 3923 1425 3961 censemus
1441 3906 1559 3961 eandem
1577 3906 1732 3959 Manetho-

138 3995 185 4060 τῆς
197 3989 226 4058 ιζ’
237 3990 386 4055 δυναστείας
398 3989 469 4069 παρὰ
483 3993 604 4070 Μανεθῷ.
619 3996 709 4068 Igitur
721 3996 914 4051 antecedentes
958 3993 1034 4046 niani
1050 3992 1142 4063 opeda
1155 3993 1356 4049 recensionem.
1372 3995 1461 4062 Quam
1474 3994 1624 4065 integram,
1640 3993 1684 4046 vel
1699 4011 1731 4046 ex

139 4097 218 4152 reges
235 4074 299 4134 sunt
319 4077 450 4151 dynastiae
469 4081 544 4134 XVI.
560 4081 608 4134 Sin
621 4083 813 4154 supputaveris
826 4100 913 4138 aranos
958 4078 1057 4148 majori
1072 4091 1151 4149 parte
1171 4080 1307 4152 integram
1327 4082 1446 4134 servavit
1466 4079 1611 4142 Eusebium
1631 4077 1733 4133 deinde

139 4167 269 4238 quincto
283 4165 397 4240 regibus
414 4165 640 4222 antecedentibus
654 4169 825 4235 tribuuntur,
839 4187 913 4223 sum·
959 4164 1118 4218 mortalium
1136 4183 1222 4238 regna
1235 4165 1381 4233 dimifflfils
1402 4167 1565 4238 reliquaque
1578 4164 1614 4220 ad
1632 4165 1733 4236 Placsta

139 4269 214 4306 11111111
239 4252 357 4305 obtines·
372 4270 510 4306 annorum
535 4271 605 4325 190,
624 4256 665 4308 uti
687 4272 733 4327 ap.
749 4255 911 4326 Eusebium,
958 4271 1006 4306 sua
1025 4252 1190 4324 astrologica
1207 4253 1430 4308 accommodavit
1442 4263 1542 4307 auctor
1560 4253 1677 4308 Sotheos
1699 4251 1734 4303 li-

139 4339 188 4392 etsi
202 4337 248 4391 hic
261 4337 384 4411 singulos
401 4355 479 4410 reges
492 4357 549 4392 non
563 4352 696 4396 recenset.
959 4339 1018 4410 bri,
1035 4340 1122 4393 bomo
1136 4337 1261 4406 Iudaeus,
1284 4350 1364 4412 puto.
1390 4342 1450 4396 Hac
1470 4339 1654 4394 adornatione
1670 4357 1734 4394 usus

185 4425 318 4496 Sequitur
328 4423 453 4496 dynastia
464 4425 557 4493 XVII,
571 4426 648 4497 cujus
659 4429 793 4482 Eusebius
803 4431 914 4484 exbibet
959 4425 1061 4480 deinde
1078 4437 1117 4479 est
1137 4426 1315 4494 Panodorus,
1334 4427 1383 4498 qui
1401 4428 1430 4480 in
1446 4426 1564 4481 deorum
1579 4427 1672 4499 regnis
1690 4436 1733 4480 ta-

139 4520 265 4582 pastores
278 4527 356 4584 reges
369 4520 502 4582 quattuor
521 4529 664 4584 annosque
685 4520 749 4578 104.
765 4516 810 4570 Sic
829 4518 910 4570 etiarn
959 4513 1015 4565 cito
1036 4512 1171 4566 nonnulla
1191 4514 1353 4579 mutaverit,
1369 4532 1455 4585 quum
1470 4514 1535 4567 alias
1548 4514 1594 4566 1111
1605 4510 1665 4567 fieri
1679 4529 1733 4582 po·

139 4599 224 4652 Vetus
241 4597 416 4668 ChronIcon,
430 4599 481 4651 nisi
508 4599 587 4668 quod
607 4616 684 4672 reges
702 4602 819 4654 Tanites
831 4601 911 4660 dicit.
961 4600 1108 4666 tuisset‚ut
1117 4599 1241 4672 AEgyptii
1251 4597 1289 4652 dii
1301 4617 1335 4654 ex
1345 4601 1430 4672 ipsius
1440 4602 1545 4672 placito
1556 4599 1674 4654 totidem
1684 4617 1732 4654 an·

55 4707 58 4712 ·
140 4682 248 4737 Eodem
268 4681 356 4736 modo
374 4699 433 4737 rem
455 4681 598 4740 tradidisse
620 4687 817 4740 Manethonem
841 4687 913 4758 Syn·
959 4687 1001 4739 nis
1014 4696 1172 4759 regnassent
1189 4696 1274 4757 atque
1289 4687 1509 4759 Babyloniorum
1526 4705 1604 4759 reges
1617 4685 1734 4740 antedi-

141 4769 218 4838 celli‚
234 4786 268 4822 ex
282 4768 374 4823 verbis
390 4767 471 4839 hujus
486 4769 660 4845 intelligitur.
682 4773 752 4827 Nam
773 4774 810 4828 sic
830 4774 914 4828 babet
959 4772 1073 4827 luviani.
1106 4774 1212 4828 Veteris
1232 4773 1364 4828 Cbronici
1389 4785 1496 4841 auctor,
1517 4773 1621 4827 ⁷eodem
1649 4779 1732 4842 atque

443 4921 447 4930 ,
959 4859 1123 4914 Panodoms
1139 4860 1216 4913 sonte
1231 4879 1308 4926 usus,
1321 4863 1480 4917 mortalium
1502 4873 1628 4933 tempora
1646 4859 1733 4929 magis

172 4923 203 4982 (¹)
216 4920 282 4970 Haud
294 4921 362 4982 longe
372 4919 460 4970 recedit
471 4921 621 4970 Dicaearchus
629 4923 668 4982 (lr.
681 4923 725 4982 7),
742 4924 783 4984 qui
799 4939 813 4972 a
832 4929 912 4974 seson

141 4989 205 5038 ch.
266 4989 272 5001 .
333 4989 338 5000 .
416 5003 422 5010 ,
959 4945 1731 5020 diminuit‚dcorumregnaveroauxit‚uteamquam

171 5003 220 5050 ost,
232 4991 364 5052 quistatim
380 4993 435 5051 post
454 4991 544 5038 ttorum
562 5004 669 5052 regnasse
689 4992 871 5055 dictionesque
884 4995 914 5043 ad
1028 5033 1034 5044 .
1264 5035 1269 5045 .
1534 5035 1539 5046 .

142 5060 239 5121 olymp,
253 5062 381 5108 ,nument
392 5071 467 5108 ,nuos
476 5066 550 5118 29363
560 5058 619 5108 ,deo
628 5061 655 5109 ,η
666 5073 741 5126 „sque
750 5061 780 5112 ad
790 5061 862 5116 finem
871 5065 913 5112 Ne,
959 5033 1049 5086 voluit
1058 5051 1196 5086 annorum
1210 5033 1359 5105 periodum
1372 5033 1508 5099 efficeret,
1523 5027 1731 5130 byncellusde-

141 5129 234 5180 rtauebi
246 5131 265 5178 tt
278 5128 339 5186 (tto
350 5141 373 5177 a.
388 5131 416 5178 c.
426 5138 434 5188 1
444 5127 491 5178 sint
500 5129 554 5180 anni
565 5133 633 5186 3171.
960 5119 1055 5190 nique,
1065 5119 1216 5172 Panodoro
1229 5139 1302 5187 usus,
1314 5138 1398 5192 regna
1410 5121 1608 5174 immortalium
1618 5131 1732 5192 prorsus
