3834 5767
171 394 228 444 ⁴92

169 508 184 561 θ
197 501 336 580 Φαληρεὺς
348 500 497 578 Δημήτριος
509 499 584 578 ἀρξαι
596 497 640 556 τδν
654 499 735 578 ἀνδρα
751 501 759 574 (
771 497 944 576 Ἀριστείδην)

170 587 260 668 μικρὸν
275 587 418 666 ἐμπροσθιν
429 592 473 644 τοῦ
490 583 609 656 θανάτου,
622 583 689 660 μετδ
701 581 747 654 τὴν
757 586 783 642 ἐν
798 586 945 651 Πλαταιαῖς

171 676 270 754 μάχην.
282 677 367 750 Quod
381 679 410 730 in
422 675 541 731 dubium
555 684 637 730 vocat
648 675 813 730 Plutarchus
823 675 946 728 archon-

170 777 227 822 tem
238 765 388 821 Aristidem
404 765 435 818 in
449 763 610 839 ἀναγραφαῖς
623 780 748 836 quaerens
761 761 871 817 trustra.
885 763 945 818 sci-

168 855 234 908 licet
247 853 348 908 accidit
358 853 399 918 ei,
419 849 497 922 quod
518 851 613 904 multis
626 848 744 914 accidit,
760 859 792 903 ut
803 867 882 916 enm,
896 851 946 920 qui

169 939 222 992 alia
235 955 402 1010 quacunque
414 938 483 1011 ἀρχῇ
493 935 581 990 suncti
593 944 688 1004 erant,
699 949 853 1006 eponymos
864 931 945 986 luisse

169 1023 325 1078 crederent.
338 1023 408 1079 Vide
420 1020 531 1078 Boeckh.
546 1023 589 1078 De
599 1019 780 1076 archontibus
788 1018 945 1092 pseudepo·

167 1128 243 1182 nym.
255 1129 286 1184 p.
298 1109 315 1166 5
327 1128 369 1183 sq.
379 1111 508 1166 Ceterum
519 1125 668 1182 quamnam
681 1105 766 1182 ἀρχὴν
776 1105 945 1160 Idomeneus

170 1197 354 1264 intellexerit,
368 1197 489 1251 innuunt
503 1195 666 1268 sequentia.-

538 1333 582 1370 ιο.

148 1436 156 1452 '
208 1431 287 1487 Idem
306 1429 412 1488 ibide.
432 1437 463 1498 4,
482 1436 496 1495 h
515 1449 521 1484 :
542 1429 603 1487 Τῶν
618 1424 644 1483 δέ
659 1425 789 1500 δημοσίων
810 1423 943 1500 προσόδων

169 1515 277 1591 αἱρεθείς
289 1510 447 1587 ἐπιμελητὴς
458 1515 487 1570 οῖι
496 1513 572 1588 μόνον
582 1511 639 1578 robe
648 1511 705 1570 καθ’
718 1511 805 1582 αὑτὸν,
818 1509 885 1568 ἀλλά
897 1509 942 1567 καλ

171 1599 228 1666 τοὺς
243 1599 294 1678 πρὸ
307 1603 384 1656 αὑτοῦ
397 1597 548 1674 γενομένους
563 1597 688 1677 ἀρχοντας
701 1595 848 1655 ἀπεδείκνυε
858 1594 944 1654 πολλὰ

168 1686 373 1765 νινοσρισμένους
380 1688 424 1748 καὶ
432 1685 547 1759 μάλιστα
563 1683 605 1741 τόν
620 1681 816 1760 Θεμιστοκλέα·

230 1801 302 1862 haphe
312 1801 356 1862 γάρ
367 1799 436 1862 ἀνὴρ,
445 1804 486 1857 τῆς
498 1800 522 1848 δέ
533 1799 608 1860 χειρὸς
619 1799 647 1846 οὐ
658 1802 757 1861 κρατῶν.

169 1903 216 1963 Διὸ
227 1903 270 1960 καὶ
282 1901 434 1978 συναγαγὼν
446 1899 555 1967 πολλοῖς
566 1900 610 1958 ἐπὶ
624 1899 666 1959 τδν
676 1899 833 1978 Ἀριστείδην
848 1901 874 1958 ἐν
888 1907 945 1967 ταῖς

171 1987 286 2054 εὐθύναις
296 1985 395 2046 διώκων
403 1990 500 2057 κλοπῆς
511 1986 638 2066 καταδίκῃ
648 1985 812 2065 περεέόαλεν,
822 1984 857 2051 ῶς
867 2009 944 2064 φησιν

170 2073 322 2150 Ἰδομενεύς.
365 2073 588 2151 Ἀγανακτοόντων
609 2074 636 2132 δέ
656 2077 707 2132 τῶν
730 2071 839 2152 πρῶτων
860 2076 886 2130 ἐν
912 2078 944 2152 τῇ

170 2159 244 2218 πόλει
259 2161 303 2218 eet
316 2160 454 2238 βελτίστων
469 2163 497 2220 οθ
510 2160 586 2235 μόνον
599 2161 689 2240 ἀφείθη
701 2165 747 2231 τῆς
758 2159 864 2236 ζημίας,
878 2159 944 2218 ἀλλά

170 2247 216 2305 καλ
229 2247 308 2305 πάλιν
327 2248 414 2326 ἄρχων
428 2246 471 2304 ἐπὶ
490 2245 537 2316 τὴν
552 2245 632 2316 αὐτὴν
645 2247 769 2318 διοίκησιν
791 2245 942 2324 ἀπεδείχθη.

171 2331 395 2412 Προσποιοιίμενος
408 2331 434 2390 δέ
449 2335 499 2408 τῶν
513 2333 644 2412 προτέρων
654 2333 808 2410 μεταμέλειν
820 2334 891 2412 αθτῷ
900 2333 945 2389 καί

172 2419 357 2500 μαλακώτερον
375 2418 486 2484 ἐνδιδοὺς
505 2417 604 2491 touch,
628 2420 722 2498 ἤρεσκε
736 2426 788 2486 τοῖς
813 2417 846 2476 sd
871 2418 946 2477 κοινίι

171 2508 334 2580 κλέπτουσιν,
342 2509 389 2564 οθκ
398 2504 538 2583 ἐξελέγχων
548 2507 601 2563 οὐδ’
611 2505 865 2585 ἀκριόολογοιίμενος,
877 2505 945 2562 ὥστε

171 2593 438 2668 καταπιμπλαμίνους
465 2596 516 2650 τῶν
543 2592 673 2666 δημοσίων
697 2595 876 2670 ὑπερεπαινεῖν
901 2591 945 2650 τθν

121 2697 125 2704 ·
172 2680 327 2759 Ἀριστείδην
338 2678 382 2738 καλ
398 2677 540 2746 δεξιοῦσθαι
551 2679 593 2737 τὸν
606 2681 686 2755 δῆμον
699 2677 763 2758 θπέρ
773 2680 850 2738 αὐτοῦ
863 2700 943 2736 σπου·

172 2769 292 2836 δάζοντας
306 2767 419 2846 άρχοντα
433 2766 512 2825 πάλιν
527 2769 670 2845 αἱρεθῆναι.

538 2907 582 2944 ll·

211 3001 291 3056 idem
306 2999 376 3054 ibid.
393 3019 419 3057 c.
438 3019 487 3071 ro,
502 3001 520 3056 8
537 3020 543 3055 :
560 2998 592 3058 ’E
616 2997 739 3064 θαλόντος
755 2995 782 3055 dl
800 2997 946 3076 Μαρδονίου

172 3084 202 3143 rb
213 3085 330 3164 δεύτερον
343 3087 378 3149 είς
388 3083 435 3153 τὴν
447 3082 566 3154 Ἀττικὴν
577 3089 647 3149 αυθις
659 3086 695 3150 ele
707 3085 846 3158 Σαλαμῖνα
859 3081 947 3140 διεπί·

173 3195 265 3250 ρασαν.
308 3171 462 3249 ’Ἀριστείδης
475 3173 501 3230 δὲ
513 3171 637 3249 πεμφθείς
654 3173 689 3236 τίς
703 3170 887 3246 Λακεδαίμονα
902 3175 947 3240 τῆς

173 3258 219 3335 plu
231 3259 388 3336 βραδυτῆτος
398 3259 483 3324 αὐτοῖς
496 3257 610 3315 ἐνεκάλει
619 3256 663 3314 καὶ
674 3261 719 3326 τῆς
730 3257 866 3334 ὀλιγωρίας
874 3279 947 3337 προε·

536 3429 579 3478 10.

203 3507 316 3556 Aristides
330 3507 481 3568 publicorum
497 3507 617 3557 redituum
636 3511 775 3570 procurator
790 3509 948 3569 constitutus,

173 3597 222 3633 non
232 3585 290 3635 alios
303 3590 397 3635 tantum
408 3585 445 3635 sui
456 3587 581 3649 temporis,
594 3586 635 3635 sed
653 3586 724 3635 etism
741 3586 782 3648 qui
795 3589 851 3635 ante
872 3585 947 3648 ipsum

173 3661 270 3711 tuissent
279 3663 443 3724 magistratus,
453 3663 527 3711 multa
538 3664 659 3726 peculatus
666 3663 783 3724 ostendit,
793 3662 895 3712 maxime
905 3676 947 3711 au·

171 3741 222 3788 tem
231 3739 429 3800 Themistoclem,
441 3740 483 3800 qui

226 3835 292 3877 catus
300 3831 409 3887 quidem,
419 3834 454 3876 ast
461 3831 623 3876 incontinentis
634 3831 670 3876 vir
679 3841 767 3876 manus

173 3919 257 3977 ltaque
267 3918 300 3978 is,
315 3917 416 3967 coitione
434 3915 567 3966 multorum
577 3919 659 3966 contra
677 3917 802 3967 Aristidem
818 3917 895 3974 tacta,
907 3929 947 3964 ra·

173 3993 250 4046 tiones
272 3993 429 4043 administrati
449 3993 521 4042 officii
542 3993 680 4042 reddentem
703 3994 827 4054 pecutdus
850 3991 949 4042 crimine

174 4069 354 4134 condemnavit,
366 4075 393 4120 ut
408 4073 479 4120 refert
496 4073 642 4121 idomeneus.
656 4071 702 4120 Sed
720 4071 801 4134 primis
811 4071 836 4119 et
853 4070 949 4131 optimis

174 4149 263 4196 civium
280 4145 428 4207 indigneboc
445 4149 588 4209 terentibus,
605 4161 653 4197 non
675 4149 746 4197 modo
765 4139 893 4195 mritotatirs
909 4146 949 4195 illc

174 4225 280 4284 nonest,
292 4223 332 4272 sed
343 4237 425 4272 rursus
433 4224 510 4273 eidem
520 4225 614 4285 negotio
625 4227 752 4285 praelectus
770 4228 831 4274 'rum
839 4223 950 4274 Aristides

174 4301 310 4362 penituisse
317 4300 402 4361 prioris
411 4314 436 4349 se
446 4301 546 4348 instituti
554 4302 677 4362 simulans,
686 4315 758 4364 aerque
767 4303 880 4354 leniorem
890 4317 949 4366 pru·

174 4375 233 4425 bens
240 4413 247 4438 ,
255 4376 432 4440 peculatoribus
438 4377 539 4438 placuit,
550 4391 625 4440 quum
637 4391 685 4426 nou
694 4379 824 4440 inquireret
833 4381 857 4428 in
866 4395 949 4431 eorum

174 4455 249 4512 tacta,
261 4467 339 4516 neque
351 4467 378 4502 ca
387 4453 507 4516 detegeret
518 4474 525 4503 ι
536 4455 616 4518 itaque
633 4456 657 4504 hi
670 4457 765 4516 publica
780 4459 858 4507 onusti
876 4473 948 4520 pecu·

174 4530 227 4589 nia,
240 4533 340 4581 summis
352 4531 463 4581 laudibus
475 4533 600 4582 Aristidem
614 4533 710 4595 toliere,
729 4547 886 4598 prensamque
899 4538 949 4598 eius

174 4607 272 4656 nomine
284 4608 413 4670 populum,
425 4613 452 4658 ut
466 4622 547 4659 rursus
558 4623 646 4659 munus
657 4610 702 4658 hoc
715 4611 736 4660 ei
748 4611 927 4664 demandarent.

206 4769 328 4819 Mardonio
338 4771 424 4819 iterum
434 4773 457 4820 in
469 4773 572 4822 Atticam
583 4774 742 4834 irrumpente,
754 4787 835 4823 rursus
846 4776 869 4824 in
882 4778 948 4827 Sata-

174 4847 263 4896 mtnem
275 4846 425 4907 trajecerunt.
442 4849 553 4899 Aristides
562 4853 642 4898 anum
653 4853 762 4912 Spartam
776 4852 862 4902 missus
873 4855 948 4903 tardi·

94 4963 102 4980 ,
175 4927 248 4972 tatem
258 4927 284 4974 et
297 4923 462 4986 negligentiam
474 4927 508 4974 eis
521 4925 687 4987 exprobrarit,
700 4927 740 4988 qui
754 4941 835 4976 rursus
845 4931 949 4980 Athenas

175 5003 275 5052 herbam
298 5003 469 5066 pmdidtssent,
489 5003 608 5067 dmtitque
631 5003 712 5068 petiit,
729 5008 757 5054 ut
777 5007 850 5056 salvis
870 5009 948 5058 adhuc

174 5079 273 5130 Grreciae
297 5081 404 5142 partibus
425 5082 568 5144 opitulatum
591 5083 659 5132 irent.
681 5085 738 5133 tinec
760 5085 787 5133 ut
806 5085 948 5138 attdivornnt

806 379 995 440 incursat
1016 379 1259 440 ttuesacsttt

991 496 1075 571 μένοις
1089 489 1160 564 altre
1178 501 1215 577 τῷ
1236 495 1363 576 βαρόάρῳ
1379 495 1426 563 τδς
1439 496 1559 572 Ἀθήνας,
1572 495 1645 566 ἠξίου
1663 497 1690 555 δέ
1705 497 1770 574 πρὸς

989 583 1023 642 τά
1036 583 1074 642 ἐτι
1086 585 1219 657 σωζόμενα
1234 589 1280 654 τῆς
1291 582 1418 646 Ἑλλάδος
1429 587 1541 660 βοηθεῖν.
1583 585 1677 642 Teate
1688 584 1771 643 ᾰκοό·

990 685 1081 728 σαντες
1093 666 1117 719 oi
1127 658 1236 741 Ἐροροι
1248 661 1304 736 μεθ’
1319 662 1417 739 ἡμέραν
1431 661 1479 736 μὲν
1489 661 1593 718 ἐδόκουν
1606 660 1708 728 παίζειν
1721 661 1771 718 καὶ

990 752 1114 828 ῥᾳθυμεῖν
1125 749 1301 828 ἑορτάζοντες·
1311 740 1343 818 ἦν
1353 747 1404 826 γάρ
1418 749 1503 813 αθτοῖς
1514 747 1667 813 Ὑακίνθια·
1678 750 1772 814 νυκτός

990 835 1017 894 δέ
1027 835 1248 912 πεντακισχιλίους
1258 837 1431 913 Σπαρτιατῶν
1438 833 1606 902 ἐπιλέξαντες,
1612 825 1648 892 ῶν
1658 833 1771 903 ἕκαστος

990 923 1056 980 ίπτδε
1068 922 1129 1000 περλ
1139 920 1217 980 αθτδν
1228 920 1338 986 εἵλωτας
1349 911 1430 999 εἶχεν,
1442 919 1590 999 ἐξέπεμψαν
1601 922 1649 978 οὐκ
1660 919 1768 978 εἰδότων

989 1013 1040 1068 τῶν
1051 1007 1201 1078 Ἀθηναίων.
1244 1007 1321 1066 Ἐπεὶ
1331 1007 1359 1065 δέ
1368 1007 1447 1064 πάλιν
1457 1008 1573 1080 ἐγκαλῶν
1583 1010 1597 1063 θ
1608 1007 1771 1083 Ἀριστείδης

990 1098 1144 1169 προσῆλθεν,
1155 1096 1179 1152 οἱ
1192 1091 1219 1150 δὲ
1231 1091 1278 1150 σὺν
1292 1093 1386 1169 γέλωτι
1402 1093 1489 1172 ληρεῖν
1504 1092 1582 1150 αιίτδν
1595 1091 1709 1171 ίρασαον
1722 1093 1773 1152 καὶ

990 1183 1132 1254 καθεύδειν,
1143 1180 1193 1252 ἤδη
1205 1178 1256 1257 γάρ
1269 1181 1296 1238 ἐν
1306 1178 1447 1257 Ὀρεστείῳ
1462 1177 1505 1236 τὸν
1517 1179 1627 1258 στρατὸν
1641 1170 1708 1256 elev
1721 1203 1771 1238 πο-

991 1265 1128 1343 ρευόμενον
1147 1265 1191 1324 hd
1205 1264 1265 1328 τοὺς
1285 1264 1369 1332 ξένους
1388 1263 1491 1340 (ξένους
1508 1263 1559 1343 γάρ
1579 1265 1689 1324 ἐκάλουν
1710 1265 1772 1334 τοὺς

992 1351 1126 1430 Πέρσας),
1139 1355 1169 1411 οὗ
1189 1354 1259 1412 κατά
1273 1352 1363 1429 καιρὸν
1381 1352 1430 1428 ἔφη
1450 1351 1549 1419 παίζειν
1563 1351 1656 1418 αὐτοὺς
1668 1358 1684 1412 θ
1697 1352 1772 1431 Ἀρι·

991 1439 1092 1510 στείδης
1105 1438 1163 1496 ἀντί
1176 1442 1228 1496 τῶν
1244 1436 1376 1514 πολεμίων
1394 1436 1452 1504 τοὺς
1469 1439 1556 1518 ρίλννς
1571 1438 1769 1506 ἐξαπατῶντας.

990 1528 1074 1586 Ταῦθ’
1087 1528 1111 1584 οἱ
1122 1525 1181 1602 περλ
1192 1525 1235 1582 τὸν
1248 1523 1380 1600 Ἰδομενέα
1393 1524 1521 1599 λέγουσιν.
1564 1525 1610 1586 Ἐν
1623 1525 1650 1582 δὲ
1661 1529 1702 1606 τῷ
1713 1529 1772 1606 ψη-

990 1612 1101 1690 φίσματι
1113 1617 1158 1668 τοῦ
1172 1611 1329 1690 Ἀριστείδου
1346 1609 1507 1690 πρεσόευτὴς
1524 1613 1572 1670 οὐκ
1584 1610 1680 1688 αιἰτδς,
1697 1613 1769 1670 ἀλλά

991 1699 1085 1775 Κίμων
1099 1699 1145 1757 καί
1156 1698 1308 1764 Ξάνθιππος
1318 1697 1363 1755 καί
1380 1699 1534 1778 Μυρωνίδης
1547 1697 1677 1777 φέρονται.

1357 1832 1403 1868 1².

1028 1927 1177 1981 atheneus
1185 1926 1272 1991 xm,
1283 1943 1313 1998 p.
1330 1923 1402 1996 590,
1416 1921 1607 2000 Ct‘l‘rrepldqc
1619 1923 1644 1980 δ’
1657 1923 1671 1978 θ
1682 1921 1771 2004 ῥήτωρ

989 2011 1019 2068 ἐκ
1027 2015 1073 2080 τῆς
1085 2009 1208 2089 πατρῴας
1221 2007 1302 2074 οἰκίας
1311 2007 1355 2066 τὀν
1366 2007 1421 2065 υἱὸν
1432 2006 1572 2066 ἀποόαλδιν
1583 2007 1769 2084 Γλαύκιππον,

990 2095 1124 2178 Μυρρίνην
1142 2105 1189 2165 την
1207 2093 1430 2164 πολυτελεστάτην
1449 2093 1555 2173 ἑταίραν
1576 2093 1701 2153 ἀνέλαόε·
1724 2097 1771 2154 καὶ

989 2183 1085 2254 ταύτην
1097 2181 1144 2258 μὲν
1154 2185 1181 2239 ἐν
1194 2181 1266 2240 dotet
1276 2174 1353 2260 εἶχεν,
1365 2183 1390 2240 ἐν
1404 2183 1522 2261 Πειραιεῖ
1534 2182 1560 2239 δὲ
1570 2181 1769 2264 Ἀρισταγόραν,

989 2271 1078 2330 Φίλαν
1087 2269 1110 2326 δ’
1120 2271 1146 2326 ἀν
1153 2269 1292 2341 Ἐλευσῖνι,
1301 2269 1334 2339 ἣν
1340 2270 1442 2326 πολλῶν
1452 2267 1616 2345 ὠνησάμενος
1622 2272 1770 2348 χρημάτων

989 2347 1058 2434 εἶχεν
1080 2355 1271 2434 ἐλευθερώσας,
1293 2355 1399 2432 ὕστερον
1424 2353 1452 2412 δέ
1479 2355 1525 2412 καὶ
1548 2357 1664 2432 οἰκουρὸν
1686 2356 1767 2427 αὐτὴν

990 2441 1145 2512 ἐποιήσατο,
1157 2445 1192 2506 ῶς
1205 2440 1347 2516 Ἰδομενεὺς
1361 2443 1469 2518 ἱστορεῖ.

1030 2532 1070 2584 Ex
1089 2530 1192 2584 eodem
1212 2529 1365 2585 Idomeneo
1385 2547 1434 2584 sua
1452 2529 1538 2586 habet
1556 2532 1722 2588 Plutarchus
1739 2535 1770 2586 in

990 2615 1043 2671 vit.
1054 2616 1092 2670 X.
1102 2615 1152 2670 Or.
1161 2633 1190 2687 p.
1203 2615 1270 2686 849,
1280 2617 1323 2670 D:
1333 2611 1455 2688 Ἐγένετο
1463 2612 1508 2671 καὶ
1519 2615 1582 2692 πρὸς
1589 2615 1622 2671 ed
1630 2617 1769 2694 ἀφροδίσια

991 2697 1156 2778 καταφερὴς,
1177 2701 1212 2764 ὡς
1230 2698 1347 2756 ἀκόαλεῖν
1364 2697 1412 2773 μέν
1429 2699 1472 2757 τόν
1490 2700 1553 2772 υἱὸν,
1570 2705 1721 2778 εἰσαγαγεῖν
1741 2705 1769 2760 δὲ

993 2787 1128 2864 Μυρρίνην
1148 2784 1195 2854 τὴν
1215 2785 1439 2856 πολυτελεστάτην
1460 2787 1577 2864 ἑταίραν,
1600 2791 1627 2846 ἐν
1648 2791 1768 2868 Πειραιεῖ

990 2873 1013 2929 δ’
1023 2871 1091 2950 ἐχειν
1106 2871 1300 2952 Ἀρισταγόραν,
1307 2875 1333 2930 ἐν
1345 2872 1475 2932 Ἐλευσῖνι
1486 2874 1513 2931 δέ
1527 2876 1553 2931 ἐν
1565 2877 1617 2939 τοῖς
1624 2875 1696 2941 ἰδίοις
1705 2877 1769 2946 κτή·

991 2981 1057 3035 μασι
1067 2958 1154 3018 Φίλαν
1165 2958 1212 3031 τὴν
1223 2958 1345 3030 Θηόαίαν
1357 2959 1438 3018 είκοοι
1449 2965 1519 3037 μνῶν
1530 2961 1737 3040 λυτρωσάμενος.

1358 3065 1403 3121 13.

1030 3172 1178 3228 Athenaeus
1188 3171 1307 3244 xllhp.
1322 3168 1390 3244 θρα,
1400 3174 1422 3227 F
1434 3171 1470 3227 de
1476 3173 1682 3230 Demosthene:
1696 3171 1770 3231 Ἀκό-

991 3258 1085 3322 λαστος
1101 3254 1122 3312 δ’
1139 3248 1170 3324 lv
1188 3259 1202 3312 θ
1221 3255 1307 3333 ῥήτωρ
1330 3255 1390 3333 περὶ
1404 3255 1438 3312 τὰ
1458 3256 1615 3336 ἀρροδίσια,
1634 3256 1671 3324 ὥς
1692 3282 1770 3340 φησιν

925 3455 928 3462 .
992 3423 1092 3484 Ephori,
1104 3421 1207 3471 interdiu
1223 3423 1309 3472 testum
1325 3421 1390 3472 diem
1401 3421 1492 3484 agendo
1502 3423 1587 3474 ludum
1599 3428 1624 3474 et
1636 3426 1772 3478 socordiam

993 3512 1043 3560 prce
1056 3512 1082 3547 se
1094 3499 1200 3548 terebant
1212 3499 1351 3560 (agebantur
1359 3498 1422 3546 eninr
1435 3500 1600 3563 Hyacinthia),
1617 3506 1691 3552 noctu
1706 3503 1771 3552 clam

994 3577 1175 3626 Atheniensibus
1192 3577 1299 3638 quinque
1319 3577 1393 3626 millia
1414 3577 1562 3627 delectorum
1580 3583 1769 3643 spartanorum,

992 3667 1095 3715 quorum
1107 3653 1186 3715 quivis
1199 3656 1289 3716 septem
1299 3667 1380 3702 νοουω
1389 3654 1486 3703 ttetotas
1496 3655 1619 3715 trahebat,
1629 3657 1770 3708 emisemnt.

992 3734 1074 3788 Quum
1092 3729 1172 3778 denuo
1190 3729 1309 3778 incusaret
1328 3742 1368 3779 eoa
1388 3729 1514 3792 Aristides,
1525 3735 1596 3792 atque
1611 3731 1656 3792 ipsi
1667 3732 1770 3784 ήαεαιεε

992 3810 1112 3857 homiuem
1124 3807 1225 3855 delirare
1235 3809 1260 3855 et
1269 3807 1387 3857 somniare
1398 3807 1505 3857 dicerent
1515 3823 1521 3856 :
1530 3809 1581 3870 jam
1590 3808 1654 3858 enim
1664 3811 1695 3859 ad
1709 3815 1769 3862 ore·

991 3886 1070 3934 steum
1081 3886 1215 3934 exercitum
1225 3897 1276 3933 mse
1285 3891 1367 3934 contra
1377 3887 1512 3948 peregrinos
1520 3889 1558 3946 (eo
1573 3888 1670 3938 nomine
1686 3893 1770 3940 Persas

991 3963 1163 4024 significabant)
1177 3962 1365 4024 proticiscentem
1384 3979 1390 4012 ι
1407 3965 1484 4013 alieno
1504 3968 1611 4026 tempore
1628 3980 1670 4015 eos
1686 3967 1770 4020 ludera

992 4055 1021 4090 ac
1032 4055 1075 4102 pro
1093 4043 1201 4090 hostibus
1214 4043 1303 4090 amieos
1321 4041 1430 4104 decipere
1446 4043 1559 4092 Aristides
1570 4043 1699 4105 respondit
1712 4049 1769 4097 itate

993 4121 1097 4170 uenatio
1108 4122 1145 4169 est
1158 4120 1277 4169 idomenei
1290 4139 1296 4168 ε
1308 4122 1395 4183 quippe
1411 4122 1435 4170 in
1448 4121 1553 4171 Aristidis
1569 4122 1647 4171 edicto
1657 4137 1706 4172 non
1720 4125 1770 4188 ipse

992 4198 1084 4259 legatus
1090 4232 1098 4258 ,
1109 4195 1151 4244 sed
1164 4195 1263 4256 cimon,
1274 4198 1423 4260 xanthippus
1433 4201 1458 4246 ot
1467 4197 1601 4259 ltymnides
1609 4199 1728 4249 teruntur.

1359 4291 1401 4340 12.
1452 4284 1463 4310 ⁹

1023 4375 1153 4437 Hyperides
1165 4378 1255 4438 orator,
1271 4383 1369 4440 patema
1383 4379 1454 4430 domo
1465 4380 1542 4440 ejecto
1557 4380 1607 4430 titio
1618 4382 1766 4446 Glaucippn,

992 4454 1139 4514 Myrrhinam
1149 4458 1378 4517 sumptuosissimam
1394 4459 1542 4508 meretricem
1554 4461 1656 4522 recepit,
1671 4465 1697 4511 et
1707 4463 1765 4512 bant

993 4529 1089 4590 quidem
1099 4531 1183 4580 babuit
1191 4533 1216 4579 tn
1227 4533 1285 4581 urbe
1291 4550 1298 4593 ς
1308 4534 1333 4581 in
1346 4533 1436 4582 Plureo
1446 4547 1504 4585 cero
1515 4536 1687 4597 tricenorum
1700 4539 1769 4590 Eten-

993 4605 1044 4655 sine
1054 4607 1158 4666 Philam,
1169 4620 1242 4669 quam
1258 4607 1346 4670 ingenti
1356 4610 1454 4670 pecnnia
1464 4615 1569 4672 emptam
1575 4648 1583 4673 ,
1595 4612 1650 4662 dein
1668 4614 1769 4666 libeant

992 4683 1094 4745 dimisit,
1107 4687 1131 4733 et
1139 4683 1301 4747 dispensandis
1309 4687 1380 4736 rebus
1388 4686 1523 4739 domesticis
1538 4691 1655 4752 prefecit,
1671 4695 1700 4742 ut
1714 4693 1768 4742 tdo·

993 4762 1183 4812 meucustradit.

1023 4933 1214 4994 intemperanter
1227 4935 1365 4986 libidinosus
1378 4938 1417 4986 hic
1424 4939 1505 4986 orator
1512 4939 1578 4997 erat,
1589 4941 1618 4988 ut
1629 4940 1664 4988 ait
1673 4940 1766 4992 idoma-

992 5020 1061 5056 neus.
1077 5009 1117 5058 sic
1132 5010 1258 5060 Aristarchi
1268 5012 1391 5074 cujusdam
1401 5011 1570 5064 adolescentuli
1583 5021 1765 5080 marsupias,

992 5089 1025 5137 ob
1043 5089 1159 5152 illumque
1174 5091 1235 5141 iuter
1253 5093 1337 5156 sucula
1357 5093 1473 5144 insultans
1490 5093 1635 5156 uimdeno,
1645 5083 1767 5152 muare
