3834 5767
759 413 1011 474 salutiensi.
1244 446 1249 454 ·
1629 424 1687 474 507
1705 420 1709 426 ’

118 547 169 614 τῶν,
185 542 320 621 κυριεύσας
333 539 474 620 ὁλοκλήρου
492 544 538 611 τῆς
552 544 680 621 πατρικῆς
701 543 802 622 θρχῆς,
820 549 873 606 τοῖς
921 544 1164 612 κατεσκωιισθῆναι
1175 540 1236 618 περὶ
1249 539 1330 610 αὐτὴν
1350 542 1394 598 ὑπ’
1405 539 1504 610 ίκιίνης
1516 539 1580 618 ἔργα
1597 543 1698 622 ψευδῶς

118 630 157 706 μίν
169 628 341 707 αἰχμαλώτοις
361 625 579 705 παραγενομένοις
598 626 731 696 συνέταξεν
756 627 877 694 ἀποικίας
921 627 1075 706 γεγραφύσι.
1121 626 1176 687 Καὶ
1188 626 1258 685 κατὰ
1268 632 1352 684 ταῦτα
1371 628 1419 697 τὴν
1432 627 1480 702 μὲν
1493 631 1544 684 τῶν
1556 629 1697 687 Χαλδαίων

118 719 200 782 ἐντοῖς
220 711 435 785 ἐπιτηδειοτάτοις
454 717 500 782 τῆς
515 712 685 780 Βαύυλωνίας
700 714 788 780 τόποις
806 717 877 772 άπο-
920 712 1022 792 γραφὴν
1039 711 1186 779 ἀξιόπιστον
1194 713 1316 788 ηγητίον,
1329 713 1360 770 ού
1372 711 1425 788 μιλν
1436 711 1505 770 ἀλλὰ
1520 715 1570 770 κᾶν
1583 714 1635 779 τοῖς
1647 717 1693 793 ἀρ-

118 800 202 872 δεῖἱαι,
218 798 293 866 αὐτὸς
313 799 335 856 δ’
349 798 401 856 ἀπὸ
415 802 466 856 τῶν
482 801 511 857 ἐκ
524 804 569 857 τοῦ
583 799 698 876 πολέμου
711 799 832 879 λαφύρων
848 799 878 858 τί
921 799 1000 878 χείοις
1010 803 1062 858 τῶν
1076 798 1207 859 Φοινίκων
1222 798 1350 877 σύμφωνα
1363 805 1415 864 τοῖς
1435 797 1486 856 tet
1497 800 1639 877 Βηρωσσοῦ
1652 802 1696 856 λε-

117 911 139 944 n
152 891 191 945 τοῦ
201 885 288 956 Βήλου
305 885 374 964 ἱερὸν
386 884 431 942 καὶ
441 885 474 942 τίι
488 884 566 943 λοιπδι
577 887 713 957 κοσμήσας
724 885 876 967 φιλοτίμιος,
921 885 1038 963 γυρίνοις
1048 884 1244 964 ἀναγέγραπται
1259 885 1319 963 περὶ
1332 889 1378 942 τοῦ
1388 887 1440 942 τῶν
1455 884 1631 944 Βαύυλωνίων
1644 889 1695 964 βα·

118 972 157 1042 την
176 995 202 1029 τε
215 971 383 1050 ῦπάρχουσαν
411 967 538 1050 ίξάρχῆς
557 971 631 1030 πάλιν
652 971 820 1039 ἀνακαινίσας
833 973 877 1030 καλ
922 971 1026 1042 σιλίονς,
1042 971 1082 1030 te
1098 971 1143 1029 καὶ
1162 973 1210 1042 τὴν
1231 972 1357 1042 Φοινίκην
1378 969 1484 1028 ἅπασαν
1503 973 1599 1036 ἐκεῖνος
1620 993 1697 1029 κατε·

118 1058 195 1136 ἑτέραν
206 1056 451 1136 καταχαρισάμενος
465 1055 566 1136 πρδςτδ
579 1057 673 1134 μηκέτι
683 1057 808 1116 δύνασθαι
821 1057 879 1124 τοὺς
922 1058 1062 1136 στρέψατο.
1076 1058 1144 1138 Περὶ
1160 1057 1256 1116 τούτων
1267 1063 1327 1134 γοῦν
1338 1064 1471 1136 συμφωνεῖ
1482 1057 1527 1115 καί
1541 1056 1697 1135 Φιλόστρα-

118 1147 305 1223 τολιορκοῦντας
329 1143 373 1201 τδν
395 1143 514 1218 ποταμὸν
535 1143 739 1222 ἀναστρέφοντας
766 1143 809 1202 trel
831 1143 878 1213 την
923 1167 965 1210 τος
976 1147 1002 1202 ίν
1014 1153 1071 1211 ταῖς
1084 1144 1231 1223 Ἱστορίαις,
1254 1142 1475 1220 μεμνημένοςτῆς
1491 1142 1578 1219 Τύρου
1593 1145 1697 1221 πολιορ-

118 1231 181 1288 πάλιν
192 1228 404 1300 κατασκευάζειν,
416 1227 591 1308 ῦπερεύοίλετο
605 1231 672 1309 τρεῖς
685 1229 732 1304 μέν
746 1233 792 1300 τῆς
808 1227 879 1287 ίνδον
923 1229 997 1299 κίας,
1016 1230 1061 1288 καλ
1082 1229 1250 1305 Μεγασθένης
1272 1231 1344 1306 ίντῇ
1362 1227 1472 1307 τετάρτη
1499 1233 1551 1286 τῶν
1570 1228 1696 1302 Ἰνδικῶν,

118 1315 203 1380 πόλεως
212 1313 380 1392 περιῦύλους,
394 1321 461 1395 τρεῖς
468 1314 495 1372 δέ
506 1318 552 1386 τῆς
563 1313 625 1388 ἔξω,
640 1315 749 1374 τοῦτοδὲ
763 1313 821 1382 τοὺς
832 1313 879 1390 μίν
924 1316 956 1374 δι’
964 1308 996 1386 ἧς
1017 1317 1169 1394 ἀποφαίνειν
1184 1323 1308 1394 πειρᾶται
1326 1314 1370 1372 τὸν
1384 1314 1570 1394 προειρημένον
1587 1311 1705 1392 βασιλέα

119 1401 140 1469 ίὶ
148 1403 221 1472 ὀπτῆς
231 1399 339 1460 πλίνθου
352 1401 397 1459 καλ
414 1401 562 1482 θσφάλτου,
574 1399 632 1469 τοὺς
652 1400 680 1460 δί
698 1401 724 1469 ii
739 1403 820 1472 αὐτῆς
833 1404 878 1470 τῆς
924 1405 975 1460 τῶν
985 1401 1160 1464 Βαύυλωνίων
1170 1401 1331 1480 Ἡρακλέους
1341 1400 1446 1481 άνδρείρ
1459 1403 1505 1458 καὶ
1514 1401 1616 1478 μιγίθει
1627 1401 1698 1480 πρά-

120 1488 220 1548 πλίνθου.
263 1487 319 1546 Καὶ
328 1487 444 1566 τειχίσας
464 1487 600 1564 ἀξιολόγως
611 1486 799 1558 τὴνπύλινκαλ
823 1485 881 1554 τοὺς
925 1487 987 1557 ξεων
1006 1487 1193 1569 διενηνοχέναι·
1220 1486 1449 1566 καταστρέψασθαι
1471 1486 1521 1565 γὰρ
1544 1487 1622 1546 αὐτόν
1634 1509 1698 1568 φησι

119 1576 224 1639 πκλῶνας
240 1572 379 1648 κοσμήσας
390 1577 550 1654 ἱεροπρεπῶς
565 1573 809 1650 προσκατεσκεύασε
828 1582 881 1634 τοῖς
925 1576 971 1633 καλ
985 1575 1084 1647 Λιύύης
1093 1574 1141 1645 τλν
1157 1573 1258 1645 πολλὴν
1272 1574 1319 1632 καλ
1332 1573 1463 1652 ’Ῑόηρίαν.
1484 1574 1528 1634 Τίι
1539 1575 1566 1632 δὲ
1580 1574 1697 1654 περὶτοῦ

120 1659 391 1739 πατροιοῖςβασιλείοις
414 1659 490 1741 ἔτερα
506 1659 626 1739 βασίλεια
644 1663 755 1740 ἐχόμενα
781 1661 879 1718 αὐτῶν·
925 1667 988 1720 ναοῦ
1001 1660 1698 1741 προειρημίνατοῦίν“ίεροσολύμοις,ύτικατεπράσθη

121 1738 186 1804 derb
200 1745 245 1823 μέν
257 1747 401 1823 ἀνάστημα
415 1746 461 1805 καλ
480 1745 527 1818 τὴν
544 1746 636 1818 λοιπὴν
650 1747 816 1805 πολυτέλειαν
831 1767 881 1804 πε·
927 1747 974 1822 μέν
988 1747 1038 1805 tet
1051 1751 1103 1805 τῶν
1120 1745 1296 1808 Βαύυλωνίων
1315 1747 1579 1826 ἐπιστρατευσάντων,
1602 1746 1699 1827 ἤρξατο

123 1833 195 1911 ριστὸν
204 1833 265 1901 ἴσως
278 1833 312 1892 δν
322 1833 363 1905 είη
377 1833 472 1910 λέγειν,
484 1832 554 1905 ’πλὴν
566 1836 601 1900 ὣς
624 1833 686 1892 ὄντα
710 1832 814 1910 μεγάλα
837 1832 882 1890 καί
927 1834 953 1890 δὲ
965 1833 1046 1892 πάλιν
1060 1835 1283 1908 ἀνοικοδομεῖσθαι
1297 1831 1386 1911 Κύρου
1400 1837 1446 1903 τῆς
1456 1833 1542 1900 Ἀσίας
1560 1833 1608 1904 τλν
1622 1838 1698 1911 βασι·

122 1919 260 2000 ίπιρήφανα
285 1919 455 1991 συνετελέσθη
468 1918 577 2000 ἡμέραις
597 1919 792 1980 πεντεκαίδεκα.
835 1917 882 1979 Ἐν
926 1917 999 1976 λείαν
1012 1919 1217 1998 παρειληφότος,
1233 1921 1264 1976 ἐκ
1277 1922 1328 1976 τῶν
1341 1921 1484 1998 Βηρωσσοῦ
1499 1923 1588 1995 σαφῶς
1601 1919 1700 1978 ἐπιδει-

123 2005 201 2072 δίιοῖς
210 2007 350 2084 βασιλείοις
362 2007 461 2073 τούτοις
478 2005 656 2084 ἀναλήμματα
675 2006 759 2065 λίθινα
778 2009 882 2064 άνοικο-
926 2005 1052 2085 χθήσεται
1065 2006 1269 2086 παρατεθέντων.
1310 2005 1388 2082 Λέγει
1399 2003 1449 2084 γδρ
1461 2005 1528 2064 οῦτω
1536 2005 1630 2074 διθτῆς
1643 2006 1701 2084 τρί-

123 2091 225 2167 δομίςσας
238 2091 346 2162 καλιὴν
370 2090 430 2172 ὄψιν
447 2091 557 2158 ἀποδούς
569 2092 722 2168 ὁμοιοτάτην
745 2099 797 2158 τοῖς
810 2090 881 2170 ὄρεσι
926 2110 987 2160 της·
1006 2089 1289 2171 «Ναὸουχοδονόσορος
1306 2089 1353 2167 μέν
1374 2081 1501 2166 offensas
1522 2090 1552 2148 τίν
1575 2090 1700 2170 ἄρξασθαι

123 2177 301 2258 καταφυτεύσας
334 2176 448 2257 δένδρεσι
485 2179 672 2251 παντοδαποῖς,
702 2177 882 2256 ἐξειργάσατο,
927 2181 972 2235 τοῦ
992 2177 1179 2256 προειρημένου
1204 2177 1306 2254 τείχους
1336 2175 1460 2251 ίμπεσὼν
1493 2179 1529 2242 είς
1554 2177 1702 2255 ἀρρωστίαν

123 2265 160 2323 καλ
181 2265 353 2324 κατεσκεύασε
376 2266 421 2324 τδν
442 2265 601 2342 καλούμενον
628 2265 774 2343 κρεμαστὸν
794 2265 883 2345 rupei-
929 2261 1159 2340 μετηλλάξατοτδν
1174 2262 1242 2340 βίον,
1253 2261 1443 2340 βεύασιλευκιλκς
1452 2261 1497 2332 ἔτη
1508 2261 1701 2341 τεσσαράκοντα

125 2349 205 2426 δεισον,
220 2349 261 2410 διὰ
276 2351 307 2410 rb
316 2350 365 2422 sip
378 2359 488 2429 γυναῖκα
501 2353 579 2410 αὐτοῦ
593 2351 724 2429 ἐπιθυμεῖν
736 2356 781 2422 τῆς
791 2349 885 2417 οἰκείας
928 2349 998 2426 τρία.
1038 2348 1136 2420 'findi
1158 2347 1290 2427 βασιλείας
1303 2347 1389 2428 κύριος
1402 2346 1503 2425 ἐγένετο
1519 2351 1533 2405 θ
1550 2349 1604 2413 υἱὸς
1623 2350 1701 2407 αὐτοῦ

125 2435 267 2509 διαθέσεως,
285 2442 321 2506 ὡς
346 2435 526 2516 τεθραμμένην
548 2440 575 2498 ἒν
602 2441 654 2505 τοῖς
683 2436 752 2496 κατὰ
779 2437 885 2509 Μηδίαν
929 2435 1184 2513 Εύειλμαράδουχος,
1226 2426 1311 2500 Οὗτος
1331 2434 1446 2513 προστίις
1466 2437 1517 2492 τῶν
1539 2434 1700 2513 πραγμάτων

126 2522 209 2589 τύποις.
226 2551 238 2575 ν
930 2520 1032 2597 ίνύμιος
1045 2521 1091 2580 καί
1101 2523 1231 2598 ἀσελγῶς,
1244 2519 1433 2586 ίπιὸουλενθιὶς
1445 2521 1498 2577 θπδ
1509 2524 1557 2577 τοῦ
1566 2520 1614 2589 την
1625 2521 1702 2577 ἀδελ·

159 2613 219 2666 Ροει
237 2613 296 2668 haee
314 2611 454 2686 Iosephus
466 2614 499 2669 C.
514 2612 617 2685 Apion.
633 2611 708 2682 1,αο
720 2613 813 2686 pergit
826 2613 881 2668 ita:
930 2607 981 2688 φῆν
996 2608 1098 2686 ἔχοντες
1113 2609 1191 2664 αὐτοῦ
1201 2605 1422 2684 Νηριγλισσούρου
1437 2604 1566 2684 άνηρέθη,
1582 2604 1704 2683 βασιλεύ-

155 2697 239 2754 Ταῦτα
257 2695 303 2773 μίν
325 2687 399 2764 ούτος
411 2696 534 2774 ἱστόρησε
552 2696 614 2775 περὶ
636 2699 681 2755 τοῦ
694 2695 882 2774 προειρημένου
931 2716 978 2759 σας
987 2693 1034 2765 ίτη
1048 2692 1102 2751 δύο.
1124 2691 1203 2752 Merit
1218 2691 1245 2750 δί
1259 2693 1289 2748 τὸ
1300 2693 1464 2770 ἀναιρεθῆναι
1480 2693 1570 2749 τοῦτον
1584 2689 1702 2757 διαδεξά-

127 2782 248 2859 βασιλίως,
266 2783 311 2841 καλ
336 2781 423 2840 πολλὰ
444 2783 508 2874 πρὸς
521 2782 620 2849 τούτοις
645 2785 671 2841 ἐν
690 2787 723 2862 τῇ
745 2781 819 2862 τρίτῃ
843 2781 883 2860 βί·
931 2802 1005 2854 μενος
1015 2780 1063 2849 τὴν
1083 2777 1190 2857 ιἰρχὴνθ
1203 2777 1387 2843 ίπιύαυλιύσας
1402 2779 1471 2855 αύτῷ
1479 2776 1703 2853 Νηριγλισσύορος
1752 2767 1757 2780 ’

127 2868 172 2948 ὅλῳ
181 2871 227 2926 τῶν
239 2871 410 2944 Χαλδαϊκῶν,
425 2871 481 2947 ίνῂ
504 2868 636 2950 μέμφεται
657 2877 710 2935 τοῖς
724 2868 886 2939 Ἑλληνικοῖς
930 2865 1154 2936 ίὸααέλευσενίιη
1169 2867 1294 2943 τέσσαρα.
1335 2863 1435 2924 Τούτου
1448 2863 1501 2930 ott<
1513 2863 1705 2941 Δαῦοροσοάρ·

127 2961 297 3035 συγγραφεῦσιν
309 2960 348 3022 ὡς
362 2955 448 3031 μάτην
463 2955 588 3031 οἰομένοις
597 2955 647 3014 tet
661 2954 831 3032 Σεμιράμεως
839 2958 886 3023 τῆς
930 2956 1006 3033 χοδος
1017 2951 1148 3029 ἐκυρίευσε
1161 2952 1208 3028 μίν
1227 2955 1274 3020 τῆς
1289 2950 1421 3029 βασιλείας
1434 2958 1497 3016 παῖς
1515 2948 1551 3007 ὢν
1566 2955 1649 3026 μῆνας
1668 2953 1705 3008 ε’ν·

126 3041 245 3120 ’λσσυρίας
258 3046 397 3112 κτισθῆναι
412 3041 460 3112 τὴν
474 3041 635 3114 menime,
646 3041 691 3100 καί
703 3041 737 3099 τίκ
754 3039 886 3118 θαυμάσια
931 3039 988 3114 νέα,
1002 3038 1192 3104 {wadoniscurte
1199 3037 1235 3108 δέ,
1243 3037 1286 3094 διὰ
1292 3037 1322 3095 τὸ
1335 3036 1420 3095 πολλὰ
1434 3036 1566 3116 ἐμφαίνειν
1579 3036 1706 3104 κακοήθη,

128 3207 193 3265 garis
203 3211 329 3258 ιιιιιειιιεια
340 3207 460 3258 millibus
473 3209 498 3257 et
511 3207 688 3270 impedimentis
698 3207 723 3256 in
734 3207 890 3269 Babyloniam
930 3205 1056 3268 prehendit
1071 3205 1195 3255 blstoricoe
1204 3206 1316 3265 Grecos,
1325 3204 1404 3265 utqui
1414 3216 1475 3252 rane
1483 3202 1629 3252 arbitrentur
1639 3203 1706 3250 ase·

128 3279 277 3344 damnarent,
295 3285 347 3346 ipse
365 3296 419 3332 cum
436 3284 519 3345 ρευοίε
533 3283 618 3333 itinere
634 3297 676 3346 per
691 3282 811 3333 desetum
825 3283 888 3330 lacto
931 3282 1023 3331 ιιιίιιθε
1033 3282 1127 3344 Aesyda
1136 3281 1280 3343 Babylonem
1291 3280 1448 3340 caueam,
1458 3279 1707 3341 talsoquescripserint

128 3357 290 3418 babylonemse
299 3359 445 3408 conterebat.
473 3359 565 3410 Potitus
574 3361 654 3408 autem
664 3373 743 3408 rerum
753 3372 812 3421 quas
820 3357 888 3408 ohat·
931 3359 1041 3408 ιιιίτκιιιίο
1052 3371 1126 3418 opere
1141 3357 1191 3407 illic
1204 3357 1237 3406 ab
1253 3359 1306 3419 ipsa
1319 3357 1391 3406 luime
1405 3359 1553 3406 υοιιιιεικιῐκ.
1585 3360 1665 3416 Atque
1680 3355 1706 3403 in

128 3432 167 3480 dei
182 3433 417 3496 adnuubbaverant,
431 3437 544 3496 regnique
561 3435 606 3484 sibi
621 3435 651 3484 ab
667 3447 750 3484 eorum
766 3433 889 3498 potissimo
932 3435 983 3484 istis
991 3435 1158 3484 claeldueorum
1167 3435 1263 3497 quidem
1275 3434 1373 3483 instetis
1387 3433 1435 3483 lide
1447 3434 1518 3495 digna
1531 3432 1639 3482 habenda
1656 3433 1707 3492 est;

129 3511 241 3569 murati,
256 3513 337 3560 totum
359 3511 434 3572 patris
453 3511 518 3572 quod
534 3511 613 3560 iuml
629 3511 756 3573 imperium
772 3511 888 3572 adeptus,
931 3513 1037 3562 manime
1050 3512 1116 3574 qnod
1134 3513 1159 3560 in
1175 3512 1279 3561 achivis
1296 3511 1437 3560 Pbmnicum
1454 3511 1542 3572 scripta
1557 3511 1707 3570 εερετίκαιιιτ

129 3584 215 3645 uetitis
229 3586 342 3648 quidem,
355 3586 398 3634 ubi
409 3599 438 3635 eo
449 3589 580 3647 renuant,
597 3587 701 3636 colonias
712 3587 738 3635 in
753 3586 889 3649 Babyloniae
932 3601 1056 3651 quaecum
1069 3589 1252 3637 lisconveniuut
1263 3590 1375 3637 anemae
1384 3575 1486 3636 mustis
1496 3586 1527 3634 de
1538 3599 1592 3646 rege
1603 3584 1707 3646 Rabylo-

130 3659 285 3712 lno'smaalme
296 3664 439 3726 opperiente
454 3663 567 3724 seiguel
575 3663 658 3725 iussit,
674 3664 724 3726 ipse
738 3677 813 3724 rere,
823 3667 890 3725 post·
933 3669 1046 3727 ntorum,
1057 3666 1150 3726 syriam
1157 3665 1249 3715 scilicet
1258 3668 1284 3714 et
1293 3665 1428 3714 universnm
1439 3665 1568 3714 Pbeenicen
1575 3663 1645 3712 illum
1652 3663 1708 3711 sub·

130 3737 293 3795 ramuselli
307 3739 431 3788 manubiis
445 3740 621 3801 Beliternplnm
637 3739 835 3802 aliaquelargltor
849 3754 890 3788 or·
933 3742 1014 3804 egisse.
1054 3742 1098 3790 llis
1114 3753 1172 3790 eane
1188 3741 1349 3802 adstipulatur
1365 3741 1523 3790 Philostratus
1541 3739 1566 3787 in
1583 3738 1707 3798 Historiis,

131 3815 368 3877 creaturamque
378 3815 550 3876 quejsmerst
560 3817 735 3865 instauraverat
745 3817 889 3866 nossetiam
933 3831 983 3880 quo
1000 3818 1025 3865 in
1041 3818 1100 3866 loco*
1110 3817 1167 3878 Tyri
1182 3817 1311 3866 obsidionis
1327 3816 1450 3875 meminit;
1468 3817 1493 3864 et
1507 3814 1669 3874 Megasthenes
1683 3813 1708 3861 in

131 3888 194 3938 altera
209 3891 302 3953 addita,
320 3905 351 3941 ne
364 3895 461 3954 possem
476 3893 574 3954 posthac
585 3893 626 3954 qui
636 3893 667 3942 ad
683 3893 767 3942 urbem
782 3895 891 3944 venirent
934 3897 1020 3956 quarto
1031 3893 1153 3942 rotundae
1165 3905 1246 3941 rerum
1257 3892 1410 3953 Indicarum,
1422 3891 1465 3940 ubi
1475 3890 1601 3940 ostendere
1611 3892 1708 3938 conten·

132 3963 268 4016 obsidendam
286 3969 374 4017 abacto
391 3969 490 4019 tlumine
503 3983 555 4020 εεοι
573 3969 679 4032 aggredi,
696 3973 778 4020 ternos
793 3971 891 4033 quidem
934 3971 970 4020 dit
980 3969 1124 4032 praedictum
1141 3970 1324 4032 Babyloniorum
1337 3982 1417 4030 regem
1429 3969 1569 4018 tortitudine
1580 3967 1708 4018 naualem

133 4031 222 4090 inbriori
231 4043 292 4105 urbi,
303 4045 433 4106 ternosque
442 4045 529 4106 pariter
538 4045 648 4095 exteriori
657 4059 780 4094 murorum
789 4046 892 4097 ambitus
934 4051 960 4098 et
974 4048 1137 4110 unguitndine
1145 4049 1285 4111 prestitisse
1298 4067 1305 4097 ι
1318 4047 1377 4096 dlcit
1385 4047 1448 4096 enim
1459 4060 1515 4096 euna
1531 4045 1708 4106 Libytebonam

133 4117 286 4182 druimdedit,
303 4122 392 4184 partim
404 4123 501 4185 quidem
513 4136 545 4172 ex
557 4125 626 4172 υουίο
642 4123 749 4173 latcreet
761 4123 891 4187 bitumine,
934 4128 1028 4186 partem
1043 4130 1067 4174 et
1083 4125 1186 4174 iberiam
1201 4124 1346 4185 subjugasse
1378 4126 1439 4180 Quas
1454 4136 1511 4171 vero
1525 4121 1556 4171 de
1572 4121 1706 4181 illerosoly·

134 4196 205 4252 partim
222 4211 302 4248 νειοε
317 4201 393 4249 latere
408 4200 468 4250 solo.
501 4204 630 4262 Quumque
642 4201 725 4250 urbem
740 4201 800 4250 benc
811 4201 891 4250 muni·
935 4215 1031 4250 morum
1041 4200 1188 4262 εειυρΙοὶοιιι
1196 4200 1260 4248 diota
1269 4203 1342 4261 sunt,
1355 4201 1535 4250 concrematum
1546 4211 1621 4248 essee
1634 4197 1709 4258 itaby-

135 4269 195 4320 vleset
208 4275 231 4322 et
242 4277 324 4336 portas
336 4275 461 4336 magnifice
473 4277 626 4336 edomesset‚
637 4279 742 4338 paternas
758 4276 828 4337 regie
837 4289 893 4326 con·
935 4278 1054 4327 tonberum
1060 4278 1174 4338 εκειυίιιι,
1184 4278 1321 4338 etcoeptum
1330 4274 1539 4334 mnnsuditieeri,
1546 4287 1622 4336 guum
1633 4277 1711 4334 cyrus

135 4347 211 4406 linum
228 4353 296 4400 aliam
315 4353 435 4403 exstruxit
455 4373 461 4402 :
480 4355 549 4416 cujus
563 4355 593 4403 de
611 4354 736 4403 altitudine
751 4355 893 4417 reliquoque
936 4356 999 4405 Αιίιυ
1008 4355 1135 4417 imperium
1146 4356 1290 4416 accepisset,
1299 4367 1331 4404 ea
1345 4354 1375 4403 iis
1387 4367 1443 4415 quae
1453 4352 1651 4414 praesentetur
1663 4354 1708 4401 lie·

135 4423 246 4482 elendune
254 4427 334 4479 dicere
342 4429 401 4480 mibi
408 4431 693 4496 lomansupervacaneum
704 4431 771 4479 esset.
802 4434 893 4480 Verum
936 4445 1006 4480 rosus
1015 4431 1079 4480 dare
1089 4430 1304 4480 manifestabimus.
1335 4430 1376 4480 sic
1387 4427 1486 4480 enimin
1502 4429 1563 4477 libro
1575 4428 1646 4478 tertio
1657 4429 1709 4478 eit:

135 4501 202 4560 imula
216 4504 324 4564 ιῐιιειονίε
340 4506 411 4555 luerit
418 4507 444 4555 et
451 4507 566 4568 superba,
576 4505 660 4556 diebus
667 4510 748 4556 umen
756 4505 893 4567 quindecim
938 4527 950 4552 ι
969 4511 1001 4559 nt
1019 4509 1267 4560 Nabuchodouoeorus
1285 4507 1397 4568 qmdem,
1418 4508 1572 4568 ροειοιιιιιεκι
1590 4506 1711 4556 inchoarit

135 4575 230 4626 conlecta
238 4581 273 4628 est
292 4583 317 4630 et
330 4581 447 4632 absolute.
479 4586 507 4632 ln
524 4583 570 4632 beo
586 4583 649 4644 regia
667 4596 699 4632 ea
711 4582 788 4645 lepide
806 4583 894 4632 excita·
936 4585 1078 4648 predictum
1089 4597 1203 4643 murum,
1212 4583 1297 4632 morbo
1306 4583 1448 4645 implicitus,
1460 4596 1543 4652 mone
1551 4583 1601 4632 vita
1611 4582 1712 4632 enecuit

137 4649 166 4698 'll
185 4656 370 4718 monibus
387 4657 490 4720 speciem
508 4658 574 4708 dedit
590 4657 712 4708 montibus
734 4659 893 4721 persimilem,
937 4674 1013 4725 quum
1030 4662 1150 4724 repasci
1166 4673 1242 4709 εαιιοε
1259 4661 1308 4709 tros
1326 4661 1351 4709 et
1370 4659 1535 4721 ιςιιεθιιςιιιιε
1568 4663 1596 4710 ln
1611 4671 1713 4720 regnans

136 4731 251 4790 monella
262 4733 386 4784 fabricarit
396 4738 425 4786 ut
435 4747 507 4785 omne
515 4749 589 4797 genus
603 4737 727 4786 arboribus
736 4737 833 4786 cousitae
845 4738 895 4787 lue·
937 4741 1019 4788 autem
1028 4737 1172 4786 succedebat
1183 4735 1245 4786 tillus
1256 4736 1308 4797 eius
1322 4736 1541 4786 emwmucnus.
1573 4737 1633 4796 llio,
1646 4735 1711 4797 quod

137 4803 184 4854 rint
211 4809 320 4872 Fedtqne
334 4813 447 4876 pensilem
464 4815 613 4875 paradisum,
630 4817 657 4863 nt
673 4815 812 4875 recabatur,
829 4815 895 4876 quod
937 4827 1033 4865 summa
1041 4827 1120 4863 τειιιιιι
1129 4812 1219 4862 nonde
1228 4825 1257 4862 ee
1264 4813 1398 4875 petulanter
1405 4812 1554 4871 abuteretur,
1563 4825 1627 4860 anno
1637 4813 1713 4862 utero

138 4892 191 4930 utor
205 4883 265 4946 ejus,
282 4890 366 4950 utpote
379 4889 403 4938 in
416 4884 500 4940 ldediae
514 4892 572 4942 locis
584 4891 699 4952 educata,
713 4904 742 4940 ea
756 4891 896 4943 desiderarit
939 4903 1012 4952 quam
1026 4902 1125 4951 regulare
1135 4892 1253 4951 caeperat,
1266 4889 1526 4951 Nerigliesoorieororis
1537 4899 1589 4935 suae
1606 4888 1713 4950 coniugis

139 4961 289 5020 tuentem
297 4965 419 5015 referrem
431 4985 443 5008 ν
938 4966 1029 5016 insidiis
1037 4965 1159 5014 occubuit
1190 4965 1358 5025 llnjnsautem
1369 4966 1424 5026 post
1436 4977 1518 5012 nem
1530 4963 1712 5024 idemipselte-

166 5035 237 5096 itque
252 5039 304 5088 base
318 5041 414 5102 guidem
433 5044 534 5092 Βετοευε
548 5042 579 5092 de
597 5055 650 5104 rege
671 5043 785 5103 predicto
801 5043 895 5106 retulit,
939 5041 1100 5103 rigliseooms,
1113 5041 1155 5102 qui
1166 5042 1188 5090 ei
1200 5042 1289 5090 lecerat
1303 5041 1414 5098 iusidias,
1426 5039 1551 5102 imperium
1567 5040 1672 5101 succesit
1688 5046 1713 5090 et

141 5105 270 5174 imbresque
279 5117 386 5167 mtrltain
397 5118 467 5168 tertio
477 5118 659 5169 ctreldalcornm
669 5118 746 5181 libro,
757 5121 781 5170 in
797 5133 845 5182 quo
859 5134 896 5170 re·
939 5118 1122 5179 anunregnarit
1137 5119 1260 5178 quattuor.
1292 5115 1371 5178 Hujus
1383 5116 1445 5165 lilius
1462 5116 1713 5179 laborosoarobodus,
