3834 5767
198 646 276 699 idem
295 664 323 702 ν.
342 646 429 721 Δῶρος
445 663 451 697 :
477 638 557 700 Ἔστι
572 649 617 698 καῖ
636 640 736 717 Καρίας
750 644 838 719 Δῶρος
850 640 937 715 πολις,

156 730 190 800 ἣν
208 728 397 807 συγκαταλέγει
412 735 469 793 ταῖς
483 725 574 785 πόλισι
586 736 644 792 ταῖς
657 728 786 805 Καρικοῖς
804 726 938 807 Κράτερος

157 818 233 895 ίντῷ
251 817 318 895 Περὶ
335 813 511 895 ψηφισμάτων
525 812 563 890 γ’·
580 840 592 867 α
612 814 727 893 Καρικδς
742 812 825 893 φόρος·
841 818 938 893 Δῶρος,

158 906 339 964 Φασελῖται...
356 930 368 954 ι
379 906 510 961 Craterus
523 905 638 959 lomsse
652 904 737 959 urbes
746 905 855 960 Graecas
868 906 938 961 Asiae

156 995 287 1061 minoris,
301 1009 364 1065 quae
373 993 511 1046 tributum
522 993 611 1045 Xerxi
620 991 830 1064 expeditionem
840 1002 940 1048 contra

157 1080 338 1134 Athenienses
360 1080 488 1133 molienti
508 1078 658 1147 solverint,
682 1080 829 1137 recensuit.
847 1078 940 1151 Objici

157 1166 224 1221 huic
237 1169 378 1222 sententie
391 1168 494 1241 possit,
514 1166 594 1239 quod
613 1166 731 1221 uberior
750 1165 888 1237 ejusmodi
904 1167 940 1223 de

157 1254 244 1309 rebus
258 1256 405 1309 Persarum
416 1255 554 1327 expositio
565 1254 655 1309 aliena
668 1272 726 1309 esse
736 1254 828 1308 videri
839 1254 940 1309 debeat

158 1340 195 1397 ab
209 1360 310 1415 opere,
324 1342 403 1414 quod
417 1342 446 1395 in
461 1341 671 1396 Atheniensium
681 1340 798 1395 historia
808 1358 837 1395 se
848 1342 941 1395 conti-

159 1430 251 1484 nuisse
274 1440 493 1483 consentaneum
505 1430 551 1485 sit.
573 1429 674 1483 Nescio
688 1428 774 1500 igitur
785 1446 821 1483 an
837 1429 942 1483 rectius

159 1516 313 1589 fragmenta
327 1518 393 1571 libri
407 1518 481 1571 tertii
493 1516 529 1571 ad
541 1517 664 1573 Cimonis
675 1526 803 1589 tempora
816 1515 942 1570 reserau-

159 1614 216 1659 tur.
229 1606 327 1660 Cimon
341 1621 429 1679 quum
437 1604 524 1659 urbes
534 1606 604 1659 Asiae
613 1606 730 1658 minoris
742 1604 779 1658 ad
790 1622 870 1658 oram
880 1622 942 1661 ma-

158 1693 198 1747 ris
211 1692 297 1765 AEgaei
310 1694 374 1746 sitas
387 1711 402 1746 a
416 1692 507 1746 Persis
516 1693 546 1745 in
559 1710 620 1746 suas
632 1701 725 1765 partes
735 1690 904 1761 traduxerit,
913 1702 941 1745 et

159 1780 234 1833 inter
244 1779 297 1834 alia
308 1798 324 1833 a
333 1780 476 1833 Phaselitis
488 1778 587 1832 decem
598 1780 702 1832 talenta
711 1779 851 1851 acceperit
861 1777 942 1849 (riu-

159 1867 247 1920 tarch.
270 1866 341 1922 Cim.
370 1863 439 1940 ιι),
464 1864 649 1939 deindepost
672 1866 885 1921 celeberrimam
905 1866 941 1921 ad

159 1952 399 2025 Eurymedontem
416 1955 564 2008 victoriam
582 1955 666 2007 etiam
678 1952 879 2008 Chersonesum
894 1964 942 2008 to-

161 2049 218 2093 tam
228 2040 442 2095 Atheniensibus
456 2039 606 2110 subjecerit
620 2060 627 2094 τ
642 2042 736 2096 omnia
745 2058 808 2113 quae
820 2059 855 2095 ex
866 2040 941 2096 libro

161 2127 247 2181 tertio
258 2128 365 2182 Crateri
375 2136 532 2201 supersunt,
545 2127 748 2199 percommode
757 2127 861 2183 adhaec
871 2139 943 2184 tem-

161 2230 247 2287 pora,
258 2224 285 2268 et
296 2215 332 2268 ad
342 2216 532 2269 recensionem
544 2216 703 2284 civitatum,
715 2232 777 2287 quae
790 2216 943 2271 Athenien-

160 2300 237 2355 sibus
250 2310 310 2355 tum
325 2301 464 2355 tributum
475 2301 678 2375 pependerint,
692 2302 795 2357 referri
814 2314 940 2376 possunt.

161 2388 268 2459 Quodsi
283 2390 337 2443 hoc
350 2389 527 2461 probaveris,
540 2388 695 2463 fragmenta
711 2388 727 2443 5
740 2400 769 2445 et
782 2390 800 2445 6
819 2390 855 2445 de
866 2391 942 2446 'lbe-

161 2476 294 2529 mistoclis
313 2475 397 2530 exilio
418 2474 498 2529 etde
514 2485 607 2531 morte
630 2477 759 2532 Aristidis
777 2478 943 2532 collocanda

162 2572 227 2619 sunt
240 2573 305 2617 ante
316 2562 471 2635 fragmenta
485 2562 552 2616 libri
566 2566 655 2632 tertii,
672 2565 717 2618 cui
732 2565 785 2638 ipsi
797 2566 944 2623 vindican-

162 2649 231 2704 dum
243 2650 317 2705 locet
330 2650 410 2723 quod
423 2650 459 2703 fr.
476 2669 491 2719 7
504 2649 540 2704 de
556 2668 625 2724 pace
643 2652 778 2711 Cimonea
788 2653 902 2729 legitur.

203 2928 285 2983 Idem
308 2948 314 2981 :
342 2923 486 3004 Τυρίδιξα,
508 2921 583 2989 πόλις
603 2922 712 3005 Θρᾴκης
733 2918 800 2993 perh
824 2922 943 3002 Σέρριον.

166 3013 320 3079 Ἑλλάνικος
340 3011 367 3071 δί
383 3012 528 3091 Τυρόδιζαν
552 3010 633 3080 αὐτόν
656 3033 732 3091 φησιν
757 3012 783 3067 έν
807 3012 944 3090 Περσικῶν

164 3099 284 3179 δευτέρῳ.
298 3098 338 3159 Tb
351 3098 448 3156 ἐθνικδν
461 3101 498 3157 δεῖ
514 3098 696 3177 Τυροδιζιιῖος,
710 3100 745 3163 ὡς
761 3098 885 3165 Γαζαῖος·
901 3101 944 3155 νῦν

164 3186 192 3244 δὲ
207 3184 377 3265 ’ίύροδιξηνοί
391 3186 523 3263 λέγονται,
543 3188 578 3250 ὡς
595 3183 724 3262 Κράτερος
745 3186 770 3240 ίν
785 3183 863 3263 τρίτῳ
877 3183 944 3263 Περί

164 3274 352 3352 ψηρισμοίτων.
373 3276 541 3349 Tyrodizam
560 3276 588 3327 in
604 3273 812 3328 Perinthiorum
835 3274 945 3329 ditione

163 3366 260 3430 sitam,
282 3363 432 3419 Doriscum
451 3373 479 3416 et
494 3364 612 3416 Eionem
635 3360 799 3416 Herodotus
819 3362 886 3432 Vll,
908 3360 944 3416 25

164 3462 299 3507 namatea
310 3450 391 3504 baisse
400 3450 604 3519 lbruciaeloca,
616 3469 674 3523 quo
685 3459 858 3504 commeatus
867 3468 946 3505 exer-

165 3538 235 3593 citui
251 3536 373 3592 conferri
381 3535 492 3608 jusserit
504 3555 553 3591 rex
564 3538 719 3591 Persarum.

384 3678 407 3730 e
428 3676 539 3731 ιιιιιιο
559 3676 721 3748 Quaero,

545 3812 573 3871 ι.

753 378 917 441 metent
940 378 1159 439 metronis

985 508 1103 587 [ἱξεοτικ
1118 510 1144 565 ἐν
1155 516 1208 573 τοῖς
1224 506 1400 573 ναυτοδίκαις·
1415 498 1452 573 οἷς
1466 508 1511 587 δί]
1527 508 1598 567 δίκαι
1617 508 1669 567 elci
1687 510 1769 587 [riphe

985 595 1043 663 τοδς
1054 596 1155 667 ξένους]
1170 594 1311 673 λαγχάνειν
1322 598 1355 673 τῇ
1367 594 1411 672 ίνῃ
1421 596 1466 653 καί
1476 596 1521 675 riq
1533 596 1596 674 πρὸς
1606 596 1666 662 τοὺς
1676 620 1768 655 ναυτο-

985 684 1068 751 δίκας.
1094 710 1105 737 ν
1121 683 1306 763 Ἀριστοφάνης
1320 684 1508 741 Δαιταλιῦοιν·
1524 710 1535 735 ι
1555 682 1658 743 ’Eone
1682 684 1769 763 βίψας

984 772 1048 851 πρδς
1058 771 1211 837 ναυτοδίκας
1224 769 1296 841 ξένην
1308 770 1438 851 ίξαίρνης,
1450 798 1461 822 ι

1025 867 1177 947 Κρότερος]
1187 866 1347 946 κοίρτιροςίιι
1358 868 1472 925 duobus
1480 869 1566 927 codd.
1581 902 1616 913 -
1632 866 1679 925 ίδν
1693 866 1723 927 δί
1734 890 1770 935 τις

988 957 1008 1015 ί.
1027 958 1055 1017 ό.
1074 954 1173 1032 ξένοιν]
1192 958 1231 1011 sic
1250 958 1334 1013 etiam
1348 957 1463 1011 Photius
1484 958 1535 1030 qui
1555 958 1654 1013 eadem
1669 958 1769 1017 babet.

985 1045 1070 1117 Apud
1083 1048 1251 1117 Harpocrat.
1267 1062 1339 1099 unus
1351 1043 1442 1099 codex
1453 1049 1479 1099 A
1490 1044 1599 1117 praebet
1613 1041 1678 1101 :tis
1687 1042 1717 1101 δι’
1732 1066 1769 1108 τις

986 1130 1024 1207 μὴ
1038 1128 1063 1197 ίξ
1074 1132 1101 1189 ἀ.
1115 1128 1139 1196 ξ.
1155 1131 1255 1187 Suidas
1265 1150 1288 1189 s.
1302 1150 1329 1188 ν.
1347 1129 1506 1193 Ναυτοδίκοιι
1521 1134 1577 1187 ita:
1591 1128 1638 1187 tis
1649 1130 1678 1189 δι’
1692 1154 1732 1196 τις
1743 1131 1769 1197 ἐξ

986 1217 1081 1297 ιἰμροῖν
1093 1214 1176 1293 γένοιν
1184 1251 1222 1263 -
1230 1215 1332 1275 διώκειν
1343 1207 1501 1293 ιίναι]εἷναι
1511 1238 1568 1277 om.
1579 1220 1645 1275 cod.
1661 1224 1700 1286 A;
1710 1218 1771 1275 διιέν-

986 1326 1040 1361 κιιν
1062 1304 1103 1363 tsi
1119 1307 1228 1363 Suidas.
1251 1340 1285 1351 -
1301 1309 1369 1378 Quae
1383 1306 1486 1363 deinde
1498 1308 1578 1361 uncis
1590 1308 1770 1373 inclusimus,

986 1395 1126 1467 supplevit
1134 1394 1255 1449 Meierus
1264 1396 1307 1449 De
1319 1394 1389 1451 bon.
1403 1392 1499 1449 damn.
1515 1412 1535 1466 p
1562 1394 1611 1467 95.
1630 1392 1770 1449 Codices:

987 1467 1024 1543 οἷς
1036 1478 1105 1536 δίκαι
1116 1477 1182 1552 stoi,
1194 1477 1336 1556 λαγχιίνιιν
1346 1475 1416 1555 δίτῇ
1429 1474 1475 1552 ίνῃ
1485 1480 1544 1538 κτλ.

1027 1575 1069 1634 Cf.
1087 1576 1123 1631 de
1136 1576 1294 1631 nautodicis
1308 1574 1407 1629 Pollux
1419 1572 1506 1642 V111,
1527 1574 1580 1630 ra6
1593 1594 1601 1630 ι
1614 1575 1651 1632 Οἱ
1663 1572 1692 1631 it
1709 1597 1772 1631 ναυ-
1890 1540 1891 1561 ί

987 1661 1088 1721 τοδίκοιι
1100 1653 1168 1733 ἦσαν
1182 1666 1206 1720 ul
1222 1660 1269 1727 τίις
1286 1664 1332 1731 τῆς
1350 1660 1432 1728 ξενίας
1447 1659 1521 1727 δίκας
1538 1661 1697 1739 εἰσάγοντες.
1712 1665 1772 1719 Ad-

987 1751 1030 1806 dit
1051 1772 1058 1807 :
1079 1747 1259 1828 ίιόριστοδίκαι
1277 1745 1305 1805 tt
1321 1748 1479 1823 ἐκαλοῦντο,
1500 1744 1524 1804 εί
1536 1770 1562 1803 τι
1574 1746 1628 1825 χρὴ
1646 1748 1774 1827 Κρατέρῳ
1892 1764 1893 1767 ’

988 1835 1118 1895 πιστεύειν
1130 1839 1167 1916 τῷ
1176 1835 1210 1893 ric
1219 1834 1376 1915 ψηφίσματα
1388 1832 1540 1910 συνάγοντι,
1554 1836 1578 1892 οἱ
1590 1834 1629 1909 μὴ
1642 1834 1773 1913 βουλόμε-
1893 1845 1894 1865 ¹

987 1947 1025 1983 νοι
1040 1924 1087 1992 τὰς
1101 1924 1174 1991 δίκας
1188 1924 1350 2001 ιίαοιγαγιίν·
1364 1921 1550 1981 ίπιπόλασιδδ
1566 1922 1596 1979 τδ
1616 1928 1735 1981 τοιοῦτον
1746 1927 1772 1982 ἐν

990 2014 1111 2072 Σικελία.

1027 2072 1122 2159 Lexic.
1136 2101 1254 2157 Rhetor.
1268 2120 1299 2175 p.
1311 2100 1385 2169 ast,
1402 2100 1418 2155 3
1434 2120 1441 2154 :
1472 2096 1635 2158 Ναυτοδίκαι
1649 2097 1773 2179 ἄρχοντές

987 2186 1054 2253 τινές
1068 2189 1118 2245 clei
1132 2194 1184 2252 τοῖς
1197 2186 1352 2266 ναυκλήροις
1371 2186 1515 2255 δικάζοντες
1528 2186 1573 2245 καί
1588 2194 1644 2252 τοῖς
1662 2188 1724 2267 περὶ
1743 2190 1773 2246 τδ

988 2274 1112 2354 ἐμπόριον
1124 2273 1571 2355 ίργοίταις.Ειι1ιιοιίιιιι8ιιίόαι
1582 2277 1627 2331 ll.
1639 2280 1774 2351 ...Hesy-

990 2366 1069 2420 chius
1082 2384 1089 2419 :
1106 2362 1267 2422 Ναυτοδίκαι
1277 2365 1301 2421 οἱ
1313 2362 1374 2441 περί
1387 2364 1434 2420 τοῦ
1446 2360 1573 2440 ἐμπορίου
1585 2362 1723 2435 δικασταί,
1736 2365 1775 2444 ἐρ’

990 2443 1027 2510 ὧν
1041 2451 1087 2510 καί
1101 2454 1128 2509 αἱ
1144 2454 1190 2519 τῆς
1209 2450 1290 2519 ξενίας
1304 2453 1435 2529 ίκρίνοντο
1449 2450 1529 2509 δίκαι.
1548 2455 1627 2509 luter
1646 2454 1775 2510 rhetdres

989 2540 1153 2597 nautodicas
1170 2560 1243 2595 unus
1255 2552 1394 2601 memorat
1407 2542 1502 2615 Lysias
1514 2538 1581 2617 Περὶ
1594 2540 1693 2613 δημοα.
1714 2541 1774 2596 ἀδι-

990 2651 1056 2704 κημ.
1078 2648 1108 2703 p.
1132 2628 1200 2703 595.
1227 2632 1320 2702 Atque
1336 2648 1370 2685 ex
1391 2632 1424 2685 iis
1446 2648 1508 2702 quse
1523 2630 1727 2685 Sohoemarmus
1748 2642 1775 2685 et

990 2719 1110 2773 Meierus
1125 2717 1154 2770 in
1174 2716 1293 2775 Attisch.
1309 2719 1424 2773 Pmsess
1438 2736 1469 2790 p.
1495 2715 1531 2782 84
1548 2734 1592 2789 sq.
1612 2730 1773 2789 exponunt,

990 2817 1066 2861 recte
1074 2806 1217 2879 colligitur
1223 2804 1346 2879 Philippi
1354 2816 1381 2861 et
1390 2805 1587 2861 Demosthenis
1598 2807 1776 2878 temporibus

991 2894 1182 2967 magistratum
1197 2892 1272 2947 hunc
1284 2892 1343 2964 jam
1358 2894 1537 2966 antiquatum
1548 2902 1576 2946 et
1587 2910 1707 2947 munera
1717 2894 1777 2965 ejus

993 2980 1045 3059 (de
1064 2979 1167 3051 quibus
1186 2979 1222 3033 cl.
1247 2979 1401 3036 Fritschius
1413 2981 1455 3035 De
1469 2979 1650 3052 Aristophan.
1667 2980 1773 3037 Daedal.

990 3086 1020 3141 p.
1035 3062 1105 3141 nt)
1117 3066 1308 3121 thermothetis
1322 3066 1490 3122 demandata
1504 3084 1572 3121 esse.
1589 3065 1725 3125 Ceterum
1738 3070 1773 3124 ab

991 3154 1095 3209 Solone
1109 3152 1273 3209 nautodicas
1280 3153 1338 3225 jam
1348 3156 1490 3209 institutos
1501 3172 1558 3209 esse
1568 3154 1673 3208 merito
1683 3158 1712 3209 in
1722 3156 1777 3211 dn-

991 3242 1070 3297 bium
1083 3252 1166 3296 vocat
1178 3242 1379 3297 Schoemannus
1397 3244 1416 3296 l.
1431 3242 1462 3309 l.‚
1481 3260 1598 3297 monens
1613 3243 1642 3295 in
1660 3260 1693 3297 ea
1705 3256 1778 3299 tenr-

991 3348 1061 3403 pora
1072 3328 1210 3403 originem
1221 3347 1320 3384 eorum
1330 3328 1508 3385 referendam
1518 3346 1589 3398 esse,
1603 3330 1709 3403 quibus
1718 3348 1777 3383 em-

992 3418 1066 3489 porii
1088 3416 1173 3471 Attici
1187 3418 1357 3471 commercia
1373 3415 1446 3471 adeo
1456 3414 1513 3487 jam
1532 3427 1731 3484 accreverant,
1745 3426 1778 3469 ut

994 3502 1131 3575 ejusmodi
1152 3504 1329 3577 magistratus
1342 3502 1497 3559 desiderari
1512 3503 1640 3559 deberet.
1658 3504 1695 3559 ld
1707 3522 1777 3559 vero

994 3594 1022 3645 in
1036 3592 1146 3647 Solonis
1165 3602 1273 3647 aetatem
1293 3593 1407 3646 minime
1426 3590 1509 3647 cadit
1532 3592 1574 3647 Ex
1593 3593 1691 3648 verbis
1710 3611 1778 3648 reru

993 3680 1141 3754 fragmenti
1154 3680 1258 3749 nostri,
1271 3676 1316 3737 its
1331 3676 1358 3735 δί
1373 3698 1411 3741 τις
1421 3676 1446 3744 ἐξ
1459 3678 1556 3758 ιἰμροῖν
1572 3676 1652 3743 ξένοιν
1664 3677 1778 3756 γεγονὼς

994 3764 1133 3843 ρρατρίζῃ,
1147 3778 1225 3840 patet
1242 3766 1279 3822 ad
1291 3766 1475 3822 obtinendam
1488 3768 1630 3823 civitatem
1642 3778 1703 3822 tum
1714 3770 1779 3823 satis

994 3854 1089 3922 baisse,
1100 3856 1120 3907 si
1133 3856 1203 3909 alter
1213 3864 1361 3929 parentum
1378 3854 1552 3909 Atheniensis
1562 3855 1632 3923 fuit,
1644 3856 1778 3929 adeoque

207 3939 433 4013 Harpocration:
450 3934 666 3995 Ναυτοδίκαι·
680 3935 779 4001 Λυσίας
792 3938 818 3993 ἐν
832 3939 869 4015 τῷ
886 3936 949 4015 πρὸς
993 3941 1196 3996 institutionem
1210 3942 1425 3997 nautodicarum
1442 3944 1702 4016 antiquioremesse
1716 3944 1779 4017 lege
1819 3954 1823 3959 '

169 4023 344 4094 Ἇλκιόιιίδην,
358 4026 381 4081 εἷ
391 4022 495 4099 γνήσιος
513 4020 626 4098 δλόγος.
642 4021 723 4101 ’Appi
736 4046 774 4088 τις
791 4013 823 4092 ἦν
838 4022 948 4095 Ἀθήνη-
994 4028 1115 4084 Periclea
1134 4048 1197 4102 quae
1213 4030 1293 4101 jussit
1313 4025 1406 4104 μόνους
1421 4026 1568 4098 Ἀθηναίους
1591 4018 1660 4086 εἶναι
1674 4028 1734 4094 rob<
1748 4030 1778 4086 ἐκ

170 4132 209 4169 σιν
221 4113 244 4167 oi
258 4109 425 4167 ναυτοδίκαι·
443 4108 572 4186 Κρότερος
586 4113 648 4183 γοῦν
662 4111 689 4166 έν
702 4109 773 4187 τῷδ’
788 4113 838 4167 τῶν
852 4113 950 4190 Ψηρι-
993 4114 1062 4171 δυοῖν
1080 4114 1222 4185 Ἀθηναίων
1235 4116 1373 4194 γεγονότας
1386 4118 1545 4196 (Plutarch.
1560 4120 1625 4175 Per.
1641 4116 1700 4193 37).
1715 4121 1779 4175 Jam

170 4196 277 4272 σμοίτων
291 4197 384 4277 ρησίν·
397 4224 409 4249 α
423 4195 490 4256 Ἐὰν
505 4196 534 4254 δί
547 4218 584 4262 τις
595 4196 620 4264 ἐξ
632 4199 728 4274 οίμροῖν
744 4194 822 4263 ξένοιν
836 4197 949 4275 γεγονὼς
994 4222 1082 4275 quum
1096 4204 1170 4259 libro
1191 4208 1275 4261 tertio
1298 4205 1428 4265 Craterus
1446 4218 1509 4281 agat
1527 4216 1576 4262 aut
1587 4206 1701 4262 debelii
1715 4208 1780 4261 lle-

169 4285 311 4365 ρρατρίζῃ,
325 4283 427 4343 διώκειν
444 4275 559 4365 εἶναιτῷ
575 4285 725 4363 βουλομένῳ
743 4284 893 4356 Ἀθηναίων,
910 4276 949 4352 οἷς
992 4290 1050 4345 dici
1059 4293 1287 4365 temporibusaut
1297 4293 1332 4349 de
1340 4292 1649 4368 Cimonisexpeditione
1656 4294 1778 4363 Persica,

538 4458 564 4507 ².
994 4455 1267 4518 bebai;diciturtamen
1277 4458 1570 4522 rymdiamumttapud
1579 4460 1779 4510 craterumlibro

202 4585 283 4631 Dorus
296 4584 369 4632 etiam
379 4583 456 4633 carie
466 4583 523 4633 urbs
534 4585 583 4644 est,
598 4596 670 4645 quam
689 4583 751 4631 inter
767 4583 863 4633 caricas
880 4584 951 4635 urim
993 4532 1065 4582 ΜΟ
1078 4536 1113 4583 ⁰⁰
1124 4534 1232 4585 dmm*

170 4661 278 4710 recenset
288 4662 402 4709 craterus
408 4659 468 4709 libro
478 4660 549 4710 tertio
556 4664 591 4712 Dc
601 4660 720 4711 decretis:
733 4680 744 4702 ι
756 4660 867 4711 Curicum
874 4661 950 4710 tribu·

171 4740 244 4791 tum:
259 4740 352 4800 Dorus,
363 4736 494 4787 Pliaselitm.
508 4756 521 4779 ν

1026 4700 1167 4751 Nautodicce
1176 4702 1275 4751 Athenis
1285 4702 1436 4765 magistratus
1444 4702 1542 4767 quidam
1553 4704 1619 4763 erat,
1629 4704 1699 4765 onitas
1712 4714 1780 4754 men·

995 4776 1084 4827 tionem
1096 4778 1157 4826 libro
1167 4780 1297 4839 quartoDe
1306 4778 1409 4829 decretis
1418 4779 1474 4828 iacit
1482 4780 1597 4829 craterus
1605 4778 1640 4829 sic
1649 4778 1777 4842 inquiensz

547 4881 574 4931 3·
1001 4854 1050 4904 «Si
1061 4854 1115 4917 quis
1124 4868 1181 4903 vero
1191 4858 1327 4917 peregrinus
1339 4869 1369 4905 ex
1388 4858 1491 4918 utroque
1504 4856 1777 4919 parentesepmpbra-

996 4936 1048 4983 tore
1056 4934 1137 4995 gerat,
1147 4947 1203 4981 cnm
1213 4934 1315 4995 quilibet
1328 4934 1508 4983 Atheniensium
1515 4932 1607 4993 iudicio
1619 4932 1682 4995 apud
1693 4938 1777 4982 nauto-

201 5014 329 5076 Tyrediaa,
343 5014 452 5063 Thracia.
466 5013 524 5061 urin
541 5014 595 5074 post
615 5012 721 5062 Serrium
741 5012 795 5063 sita.
815 5012 952 5061 Hellanicus
995 5010 1061 5058 dicas
1082 5008 1191 5071 persequi
1215 5012 1300 5071 potest.
1319 5010 1343 5059 Si
1364 5010 1417 5073 quis
1434 5002 1515 5058 autem
1538 5010 1622 5057 eontra
1644 5008 1776 5070 peregrinos

173 5094 262 5142 norrun
274 5092 418 5141 Persicanrm
431 5090 492 5139 lino
506 5090 611 5139 secundo
620 5102 674 5138 eam
683 5090 823 5151 i‘yrodiram
834 5090 949 5140 norriinat.
995 5089 1158 5148 (mercatores)
1179 5086 1266 5148 litiget,
1288 5087 1407 5136 actionem
1427 5086 1536 5136 instituat
1555 5084 1619 5147 apud
1637 5086 1777 5134 naritodicas

173 5170 267 5221 chtiic
281 5169 446 5233 Tyrodiueus,
461 5168 569 5218 similiter
581 5182 611 5217 ac
621 5171 722 5218 tiernus
730 5167 833 5230 dieitur,
842 5182 892 5219 esse
903 5169 946 5219 de·
996 5166 1080 5217 ultimo
1089 5166 1128 5217 dio
1137 5167 1231 5217 mensis.
1244 5188 1254 5208 n

396 5289 410 5335 t
