3834 5767
715 359 911 423 bubalius
942 363 1119 426 Publicis.
1664 383 1716 432 aar

126 495 216 554 στολου
227 489 451 572 complasmari
464 489 561 558 &vaide
570 491 613 550 tri
622 490 665 550 τὸν
676 491 761 552 Λύκον
771 495 900 568 ποταμὸν,
946 505 1020 555 doaso
1028 506 1126 555 advenit
1135 508 1160 556 et
1168 505 1297 556 αεοουθειιε
1304 520 1347 570 per
1357 511 1448 570 Lycum
1464 508 1611 571 (Helymum)
1620 511 1721 562 brasium

125 587 170 652 τῆς
179 579 281 645 πόλεως
292 578 388 649 ταύτης
401 577 602 657 inopinum-aui
613 577 719 649 νικήσας
729 578 789 646 τοὺς
800 580 900 657 βαρθύ·
946 591 1006 640 urbe
1023 591 1069 640 bae
1088 594 1178 654 potitus
1194 595 1239 643 eat.
1258 595 1333 642 Victis
1350 595 1431 657 itaque
1446 595 1568 658 barbaris,
1579 597 1611 647 do
1624 611 1650 648 se
1668 599 1721 648 urbi

126 691 197 746 ρους,
213 667 257 746 ἀρ’
270 668 362 723 ἑαυτοῦ
375 664 577 745 προσωνόμασεν
592 664 680 737 αὐτὴν,
695 665 787 742 νόμους
804 671 900 746 Κρὴτι·
946 690 1033 726 nomeu
1041 677 1169 742 imposuit,
1179 679 1290 742 legesque
1301 680 1407 730 creticus
1417 681 1451 730 ibi
1460 682 1571 732 instituit.

125 753 246 848 ’‘''bssoiii
260 752 355 818 αὐτοῖς.

368 883 462 941 XXX.
486 883 653 943 noltrnrl.
1165 888 1256 946 XXX.
1279 889 1499 950 Locaonuu.

166 1042 184 1078 ι.
206 1019 327 1099 Ἐγένετο
343 1019 442 1099 Λοκρὸς
457 1019 629 1099 Ξενύκριτος,
643 1020 737 1100 τυφλὸς
751 1021 781 1078 έκ
797 1023 902 1097 γενετῆς
978 1029 1045 1078 Locri
1061 1031 1159 1080 iuenrnt
1180 1033 1324 1082 Xenocritua
1341 1035 1426 1095 ροειιι,
1446 1034 1490 1096 qui
1501 1046 1582 1084 caecus
1599 1034 1625 1083 in
1643 1035 1723 1084 iurem

124 1107 248 1176 ποιητὴς,
264 1106 309 1164 καὶ
323 1106 496 1184 Ἐράσιππος.
945 1116 1024 1166 editus
1034 1119 1083 1178 est,
1096 1118 1265 1180 etErasippus.

163 1214 185 1252 a.
209 1193 280 1272 Παρ’
298 1194 384 1260 αὐτοῖς
396 1191 532 1271 ὀδύρεσθαι
545 1194 593 1249 οὐκ
605 1191 674 1250 ἔστιν
689 1191 732 1250 ἐπὶ
745 1192 797 1257 τοῖς
810 1195 899 1250 τελευ·
977 1209 1000 1251 2.
1017 1201 1086 1265 Apud
1102 1215 1142 1252 eos
1157 1204 1293 1253 μισήσασα
1308 1207 1345 1254 est
1361 1205 1443 1267 lugere
1456 1208 1577 1268 mortuos,
1593 1208 1634 1256 sed
1644 1220 1721 1270 quum

124 1279 245 1356 τέσασιν,
261 1281 319 1338 ἀλλ’
334 1277 437 1337 ἐπειδὰν
453 1277 635 1355 ἐκκομίσωσιν,
650 1280 819 1356 εὐωχοῦνται.
840 1282 901 1339 Κα-
946 1289 1049 1338 eiierunt
1066 1302 1120 1350 eos,
1139 1290 1189 1340 lteti
1204 1291 1341 1339 convivium
1356 1293 1454 1353 agitant.
1468 1294 1583 1344 Taberna
1597 1293 1722 1343 institoria

123 1369 231 1438 πηλιῖον
243 1369 290 1426 οὐκ
299 1366 354 1425 έστι
364 1365 536 1443 μεταθολικθν
547 1367 572 1425 έν
583 1367 684 1442 αὐτοῖς,
695 1369 753 1424 ἀλλ’
765 1369 779 1423 ὁ
789 1365 901 1445 γεωργὸς
945 1375 1009 1437 apud
1025 1388 1066 1424 eos
1076 1389 1126 1424 uon
1137 1378 1207 1438 sunt,
1216 1376 1259 1426 aad
1268 1378 1351 1428 rustici
1360 1391 1404 1427 sua
1418 1379 1441 1428 ei
1453 1379 1535 1428 statim
1543 1379 1666 1442 rendunt,
1678 1372 1736 1442 qul'

122 1455 206 1510 πωλεῖ
219 1451 254 1510 τὰ
263 1451 326 1513 ἴδια.
945 1460 993 1510 illis
1001 1461 1097 1523 indiget

162 1558 186 1598 ³.
209 1538 274 1598 Ἐὰν
287 1539 342 1618 ἁλῷ
352 1562 390 1605 τις
400 1537 560 1616 [namorp
573 1536 632 1604 τοὺς
642 1537 788 1617 ὀφθαλμοὺς
800 1528 901 1618 έξορύτᾸ
977 1553 1000 1598 3.
1016 1549 1042 1598 si
1058 1550 1113 1611 quis
1129 1550 1154 1598 in
1174 1548 1306 1598 adulterio
1323 1550 1516 1613 deprehenditur,
1535 1551 1683 1601 ellodioutur
1701 1552 1724 1602 ei

122 1647 205 1686 τεται.
229 1625 363 1686 Ζαλεύκου
385 1624 436 1690 υθὸς
457 1623 542 1697 etio,
563 1623 674 1682 καὶτῶν
701 1627 809 1702 Λοκρῶν
825 1623 901 1682 αὐτὸν
946 1635 1019 1684 oculi.
1031 1635 1136 1696 contigit
1145 1638 1227 1684 autem
1236 1637 1264 1684 ut
1272 1635 1438 1685 Zaleuciiilius
1446 1636 1670 1698 deprehenderetur.
1679 1637 1724 1687 cni

124 1711 262 1792 ἀριέντιυν,
283 1715 333 1792 οὐχ
351 1710 494 1789 ὑπέμεινεν,
512 1713 591 1769 αὑτοῦ
611 1702 638 1768 di
660 1709 705 1768 ἕνα
719 1710 764 1768 καὶ
785 1714 830 1769 τοῦ
845 1712 900 1768 υἱοῦ
946 1733 1021 1783 quum
1034 1721 1102 1771 Locri
1111 1735 1207 1784 pmnam
1217 1721 1339 1771 remittere
1350 1721 1452 1782 uellent,
1460 1735 1510 1772 non
1521 1722 1579 1772 tulit
1589 1722 1624 1786 (id
1631 1724 1723 1786 pater);

122 1797 168 1856 ἕνα
182 1799 287 1867 ἐξεῖλεν.
690 1835 695 1846 ·
947 1806 1045 1857 sedaibi
1054 1807 1258 1868 unum,alterum
1269 1807 1319 1856 filio
1330 1808 1428 1857 oculum
1438 1807 1510 1857 eruit.

161 1907 184 1945 ι.
208 1883 383 1965 Πολέμαρχος
413 1883 569 1965 ἐπιορκήσας
601 1883 644 1943 τὸν
676 1886 727 1942 τῶν
758 1883 901 1962 Κορινθίων
978 1897 1002 1944 i.
1019 1894 1189 1944 Polemarcbua
1200 1891 1520 1956 perjurasacorinthiorum
1530 1895 1605 1945 classe
1615 1895 1722 1957 autuqit;

123 1973 241 2051 ἀπέφυγε
258 1973 360 2032 στόλον.
381 1972 435 2034 Καὶ
451 1974 646 2049 μυθολογοῦσιν,
660 1971 702 2030 ὅτε
717 1970 835 2030 καθεύδοι
858 1971 897 2028 νύ·
945 1993 1019 2042 quern
1032 1980 1666 2031 lunanturiueueouoetuuormiuntemamustelia
1673 1995 1725 2031 oor·

122 2141 246 2205 Μακαρίαν
262 2139 414 2190 scribendum
427 2151 477 2189 ease
494 2139 627 2201 suspicatur
645 2137 753 2186 liiudorl.
772 2138 797 2186 in
816 2139 898 2200 steplr.
945 2139 1104 2200 inopportune
1116 2140 1252 2202 suppletum
1268 2137 1413 2200 est;deinde
1425 2139 1525 2200 scriptor
1535 2140 1568 2188 ita
1577 2141 1651 2201 pergit
1662 2154 1668 2187 :
1678 2157 1722 2188 κα·

120 2211 191 2259 Thes.
198 2224 218 2260 a.
227 2224 251 2259 v.
258 2210 429 2272 -παρεγένετο
435 2226 459 2257 κ.
467 2208 564 2270 ἀναθεὶς]
573 2211 626 2268 aa·
632 2209 804 2270 παραγέγονεκ.
811 2208 846 2256 διν.
853 2207 887 2256 od
891 2221 900 2264 ,·
945 2209 1049 2271 τῴκισοιν
1056 2209 1081 2258 a
1088 2210 1129 2257 καὶ
1139 2210 1246 2264 Κλεωνὰς
1254 2209 1384 2269 Χαλκιδεῖς,
1392 2211 1421 2258 ut
1427 2208 1458 2257 de
1464 2209 1510 2258 alin
1518 2209 1612 2257 colonia
1620 2209 1724 2260 detincta

121 2281 304 2342 παραγεγονέναι
313 2282 353 2328 καὶ
363 2279 449 2335 ἀναθεὶς
458 2277 543 2340 reliqui
551 2295 558 2340 3
567 2279 748 2340 παραγεγονέναι
758 2277 843 2333 madae
857 2280 900 2327 Co·
945 2291 1024 2326 sermu
1041 2279 1114 2328 inisse
1125 2282 1196 2327 anim
1212 2281 1330 2340 oporteat.
1349 2277 1426 2339 Quid,
1444 2281 1474 2327 ut
1490 2277 1637 2338 conjecturae
1647 2281 1723 2330 ticam

122 2363 177 2411 ιεγς
191 2350 386 2413 παραγεγονέναι,
402 2349 539 2412 παρεγένετο
552 2349 592 2396 καὶ
608 2347 632 2396 δι.
651 2346 858 2406 sclrueidewinus3
876 2348 902 2396 et
947 2347 1053 2397 modeste
1062 2348 1192 2408 iaciamus,
1200 2348 1257 2398 side
1265 2347 1326 2398 urbe
1335 2349 1415 2409 aliqua
1424 2350 1563 2399 narraverat
1573 2350 1722 2414 aristoteles,

121 2419 182 2467 iilud
191 2420 250 2482 μετὰ
259 2419 343 2467 στολου
351 2417 445 2466 nonnisi
456 2418 481 2465 in
493 2417 595 2466 iliuoem
607 2415 723 2477 quadrat;
732 2415 795 2464 idem
807 2415 901 2464 Schnei·
945 2429 1001 2479 quae
1012 2417 1037 2465 in
1046 2417 1184 2466 memoriam
1193 2417 1282 2479 perjuri
1290 2417 1393 2466 bominis
1401 2430 1488 2467 nomen
1502 2420 1607 2478 αγαλαῖς
1620 2419 1670 2468 istis
1682 2433 1723 2468 ac

122 2487 232 2534 (lewinus
243 2490 267 2534 lu
277 2485 459 2535 commentariis
469 2483 580 2546 proponit
590 2484 727 2546 παρεγένετο
737 2485 776 2530 καὶ
784 2483 853 2540 αὐτὸς
861 2484 900 2531 καὶ
946 2487 1043 2547 ceptum
1058 2487 1145 2535 lubere
1155 2485 1283 2544 diceretur,
1296 2486 1371 2536 reimi
1381 2487 1406 2535 iu
1418 2485 1494 2536 Pieria
1509 2486 1654 2537 marmania
1670 2491 1723 2538 erat

123 2557 209 2611 ἀναθεὶς
221 2557 272 2604 κτλ.
288 2557 369 2616 Neque
381 2554 427 2602 hoc
438 2567 498 2616 opus
508 2556 551 2602 est.
566 2556 679 2603 ceterum
689 2552 720 2602 de
736 2551 820 2601 biinois
829 2565 900 2614 expc-
947 2556 1067 2618 Γαλαδρα,
1077 2555 1103 2603 in
1118 2555 1220 2604 'lirracia
1232 2555 1375 2605 Thasiorum
1387 2555 1481 2604 colonia
1491 2555 1614 2618 Γαληψθςθ
1623 2557 1668 2605 sed
1678 2557 1724 2607 boe

122 2625 213 2675 ditione
221 2624 301 2675 Sicula
313 2638 337 2673 ν.
351 2623 464 2673 llerodot.
477 2625 536 2684 vn,
549 2627 606 2682 ι7ο;
616 2623 735 2673 Diodorus
745 2625 814 2683 Xi'l,
828 2625 868 2684 tu,
877 2628 900 2683 ις
946 2623 1062 2685 quidquid
1071 2625 1121 2683 est,
1134 2624 1256 2672 mmmunl
1265 2624 1363 2672 uinculo
1376 2629 1422 2672 τῶν
1430 2625 1508 2684 γαλῶν
1517 2626 1542 2673 et
1551 2629 1617 2686 μυῶν
1632 2627 1723 2674 υιτιιιι·

123 2695 245 2744 Plutarch.
258 2695 345 2744 Timol.
356 2707 379 2743 c.
389 2697 435 2754 et,
447 2695 492 2742 etc
503 2720 536 2731 —
543 2692 631 2755 Λύκον]
642 2693 742 2740 amovit
756 2693 780 2740 ei
791 2704 853 2739 corr.
866 2693 899 2745 G,
945 2706 994 2754 que
1002 2693 1204 2742 narratiunculam
1215 2705 1303 2742 nexam
1312 2693 1384 2742 tuisse
1394 2694 1515 2746 nerninem
1525 2695 1605 2756 iirqiet
1617 2713 1630 2737 ι
1639 2696 1724 2746 varias

122 2767 207 2814 κύκνον
217 2777 253 2826 pr.
268 2768 302 2820 0,·
315 2765 413 2813 Ἄλυκον
423 2763 574 2824 wesseling,
586 2763 684 2823 noeier,
696 2763 810 2821 corayus.
822 2759 901 2810 sinte-
945 2763 1057 2824 rationes,
1066 2763 1306 2824 quibuaPolemarchi
1315 2763 1368 2812 hnc
1375 2763 1498 2812 historiola
1505 2776 1561 2812 eum
1570 2766 1723 2815 Locrensium

123 2835 160 2882 nis
167 2847 207 2895 ap.
216 2833 391 2884 Schneidewin.
402 2851 408 2881 ε
420 2851 432 2875 ι
440 2833 536 2881 Ἄλυκον
543 2830 726 2880 incertissimum
735 2842 785 2878 ease
792 2831 902 2878 eominus
946 2831 1151 2894 rebusoonjuneta
1160 2831 1231 2880 trisse
1237 2832 1351 2894 potuerit,
1362 2833 1386 2880 in
1395 2832 1500 2881 medium
1509 2834 1600 2896 profert
1606 2836 1722 2886 lioelems.

123 2903 366 2951 ummhatiibrorurn
382 2901 517 2954 nonsolum
529 2900 650 2950 Plutarchi
664 2898 752 2949 Timui.
761 2902 806 2959 ti,
818 2911 901 2947 verum
945 2902 1200 2963 eogitariposseputat
1207 2901 1238 2950 de
1245 2901 1521 2963 Polemarchospartano
1528 2904 1569 2964 qui
1577 2904 1723 2965 Polydorum

122 2971 196 3020 etiam
211 2971 309 3021 liiodori
320 2972 391 3034 xvi,
408 2973 437 3019 tt
448 2971 472 3019 in
486 2970 564 3025 λύκος
580 2979 716 3018 consensus.
729 2969 789 3017 liovl
805 2968 901 3030 quidem
946 2971 1180 3020 lacedemoniorum
1193 2982 1272 3031 regem
1285 2971 1403 3020 interiecit
1417 2971 1447 3020 iis
1458 2972 1616 3034 temporibus,
1635 2975 1723 3036 quibua

123 3040 189 3089 loros
195 3041 283 3103 quibus
292 3041 388 3096 ’λλυκος
398 3039 484 3088 dicitur
496 3039 591 3100 duvios,
601 3042 674 3088 Exco.
684 3037 801 3087 llmschei.
818 3043 862 3098 2³,
876 3045 900 3098 a;
945 3039 1118 3089 Lacedaemonii
1128 3041 1233 3088 colonias
1242 3042 1369 3090 crotonem
1378 3042 1404 3090 et
1414 3043 1503 3090 locros
1513 3042 1629 3092 miserunt
1638 3044 1648 3102 (
1657 3047 1722 3093 l‘au·

124 3113 168 3169 ti,
184 3116 206 3170 ι,
219 3109 341 3170 ipsiusque
350 3107 448 3156 Diodori
461 3110 629 3166 liv,17,cum
643 3105 761 3156 annotatis
771 3105 898 3154 illassciin-
945 3121 998 3157 sau.
1014 3111 1061 3171 lli,
1071 3116 1099 3170 a,
1114 3109 1152 3170 ι).
1167 3107 1233 3156 λθειν
1242 3107 1309 3159 addit
1319 3109 1388 3158 bac:
1401 3127 1414 3151 ι
1426 3109 1552 3159 societatis
1563 3113 1723 3162 rationemiu·

124 3178 169 3238 gii,
183 3177 225 3228 sod
234 3191 262 3226 ea
269 3190 319 3226 non
329 3179 436 3226 evertere
445 3176 550 3237 intelligo
559 3175 633 3224 trium
641 3174 785 3236 scriptorum
794 3173 817 3222 in
827 3175 901 3223 altera
944 3177 983 3225 ier
998 3179 1128 3237 utrumque
1145 3176 1262 3237 populum
1274 3178 1380 3237 (Locros
1394 3179 1420 3226 et
1432 3178 1581 3241 corinthios)
1593 3181 1667 3241 possis
1679 3181 1721 3231 de·

126 3249 202 3296 torma
209 3259 360 3308 consensum,
369 3245 554 3308 haudquaquam
562 3245 628 3294 casui
637 3243 790 3306 probabiliter
796 3244 900 3293 tribuen-
945 3245 1092 3308 prehendere
1100 3246 1125 3293 in
1136 3246 1277 3304 captatione
1287 3248 1467 3307 corcyraeorum
1476 3247 1501 3296 et
1515 3250 1644 3297 Locrorum
1656 3250 1666 3311 (
1672 3253 1722 3299 co-

125 3315 191 3364 dam.
203 3337 214 3358 ι
222 3315 295 3365 addit
305 3313 515 3366 Schneidewinus:
528 3333 539 3356 ι
550 3317 589 3364 ile
597 3317 684 3376 praeier
696 3314 861 3362 auctoritatem
871 3314 900 3363 li·
945 3329 1002 3365 nora.
1014 3319 1083 3365 tiam.
1095 3316 1140 3377 3),
1150 3328 1253 3378 quorum
1262 3315 1297 3364 ilii
1309 3328 1324 3364 a
1337 3315 1453 3366 corintho
1463 3317 1559 3366 oriundi
1571 3321 1649 3367 mant.
1661 3320 1722 3369 ilinc

126 3386 223 3434 brorum
233 3385 265 3434 ad
273 3385 398 3435 tutandam
409 3384 510 3433 lor-mam
522 3384 599 3434 λύκον
615 3384 749 3446 permovit,
764 3383 828 3444 quod
838 3383 900 3432 idem
945 3386 1025 3434 forsan
1038 3386 1142 3449 iactum,
1152 3389 1181 3436 ut
1189 3385 1286 3434 Archias
1296 3385 1337 3434 ille
1345 3385 1438 3434 celeber
1446 3390 1575 3447 syracusas
1583 3387 1722 3438 conditurus

125 3455 226 3504 aliorum
236 3457 272 3506 eat
285 3454 413 3504 ilariorma
429 3455 554 3504 numenei
569 3453 634 3514 quod
649 3454 674 3502 in
689 3453 771 3503 multis
785 3452 902 3502 similibus
945 3458 1034 3506 locros
1041 3455 1189 3516 deuerteret,
1199 3467 1273 3516 quem
1282 3457 1370 3515 bores,
1380 3455 1422 3516 qul
1432 3468 1500 3504 oraru
1509 3457 1651 3507 Locrensem
1659 3458 1722 3508 inse·

126 3524 261 3573 nominibus
275 3541 291 3572 α
304 3522 392 3572 mobile
403 3523 562 3572 asaeeonstai.
573 3540 585 3564 ι
598 3522 735 3582 sequamur
745 3520 860 3582 exempla.
870 3546 901 3557 —
945 3523 1042 3583 derant,
1053 3537 1135 3574 aecum
1147 3525 1243 3574 duaiue
1256 3523 1331 3573 tradit
1345 3527 1463 3585 scymnus
1476 3525 1550 3575 cbius
1564 3531 1617 3577 277.
1629 3531 1721 3579 verum

126 3593 238 3656 κοταμδν]
245 3596 301 3642 ποτε
310 3597 358 3643 Ad.
370 3619 402 3629 -
412 3592 500 3654 αὐτοῖς]
510 3589 582 3652 Acd,·
594 3592 653 3654 αὐτῇ
662 3590 756 3652 reliqui.
945 3606 1021 3655 quum
1030 3594 1082 3642 bac
1090 3594 1209 3656 expeditio
1215 3593 1307 3642 navalis
1317 3593 1382 3654 prior
1387 3595 1418 3642 sit
1427 3593 1467 3642 illa
1475 3593 1586 3656 Polydori
1596 3609 1668 3657 neca,
1678 3601 1722 3647 Po·

156 3667 230 3713 xllx.
247 3661 390 3724 Ξενόκριτος]
401 3675 423 3711 ι.
437 3661 521 3711 Glauci
538 3661 637 3722 Rhegiui
658 3662 688 3710 tr.
704 3665 727 3709 l.
744 3663 778 3709 De
789 3659 901 3723 nraaippo
946 3663 1080 3712 lemarcbus
1087 3663 1127 3712 bic
1137 3663 1245 3712 diverms
1253 3663 1284 3712 sit
1298 3663 1418 3724 oporteta
1431 3663 1493 3725 regis
1500 3665 1611 3724 Spartani
1624 3677 1722 3726 perurs-

127 3733 219 3782 aliunde
229 3733 386 3782 noueonstat.
396 3738 461 3780 -ν,
472 3731 534 3794 δδυρ.
545 3732 588 3780 οὐκ
599 3729 657 3793 tom]
667 3730 703 3782 ct.
715 3731 744 3780 ir.
759 3735 901 3792 9.-μετα·
945 3745 1006 3782 sora.
1018 3733 1158 3782 Proximum
1167 3731 1632 3794 ut,utadrimoleouthresuecuma,
1645 3734 1721 3784 sedin

127 3803 186 3866 θολ]
197 3803 348 3865 peraurienda
358 3805 407 3852 Ad.
417 3807 470 3851 -3
481 3800 594 3863 κλέπτων]
604 3801 666 3850 lianc
677 3813 760 3860 rocem
770 3812 819 3848 om.
833 3801 866 3853 0,
877 3801 902 3848 et
945 3801 1116 3850 iisullamcum
1125 3800 1402 3851 loerlaoommunionem
1412 3801 1499 3850 trustra
1507 3803 1721 3862 quaemqetsieum

127 3869 901 3934 sauealiudrerbumdeaideraturiporqdeimuumlexnondettrre
945 3870 1721 3934 orretiraeciremejorisclaasemappulisseetlthegiiMetapontique

127 3945 169 4005 sit,
186 3943 228 3992 sed
241 3943 272 3992 de
287 3942 390 3991 mmcbo.
405 3943 435 3991 V.
452 3941 540 3991 Elian.
557 3945 589 3990 v.
608 3943 637 3989 ll.
654 3943 724 4002 ltili,
741 3945 770 3989 ni
786 3942 811 3990 et
820 3940 900 3989 Vaier.
946 3940 1017 3988 luisse
1027 3941 1128 3989 constat.
1143 3960 1155 3983 ν
1167 3939 1407 4000 Αιιςυιιιειιιιιιυίθυε
1415 3939 1608 3990 Schneidewinus
1617 3941 1669 3988 brec
1681 3953 1721 3994 se·

127 4015 189 4062 Man·
199 4013 243 4071 Vi,
255 4019 277 4074 5,
288 4019 311 4061 ³.
321 4015 441 4061 Lacunam
448 4010 542 4060 notavit
549 4009 776 4060 Schneidewin-i.
784 4011 901 4072 ΙΙολέμοιρ·
945 4008 1231 4070 parandaabocrenaium
1238 4009 1320 4071 politia
1326 4011 1416 4068 censet,
1424 4021 1509 4071 parum
1516 4009 1626 4070 ponderis
1633 4010 1720 4061 habere

127 4098 166 4144 χος
181 4081 241 4144 κτλ]
251 4101 263 4124 ι
284 4083 311 4130 ln
320 4094 335 4143 q
345 4081 398 4130 bac
406 4093 421 4129 a
429 4079 589 4141 superioribus
600 4081 713 4140 tanquam
729 4091 818 4128 norum
829 4081 902 4142 caput
946 4077 1005 4126 mili
1013 4076 1139 4139 ridentum
1148 4089 1178 4126 ac
1185 4077 1217 4126 de
1226 4077 1441 4126 Locrensibomiue
1451 4083 1645 4126 sermonem‘esse
1652 4090 1683 4126 ex
1691 4079 1721 4129 iis

127 4152 273 4212 separantur,
284 4161 339 4210 qua
347 4150 371 4198 iu
380 4149 485 4212 reliquia,
495 4151 522 4198 ut
532 4147 771 4207 videtur,cohaerent.
781 4167 793 4192 ν
803 4149 901 4198 schireb
945 4146 1053 4195 nascitur
1062 4146 1179 4208 suspicio,
1188 4159 1244 4206 quae
1250 4145 1314 4208 apud
1326 4147 1446 4196 AEliauum
1452 4149 1509 4194 ilar.
1520 4145 1580 4194 uisa
1590 4148 1654 4207 xlv,
1663 4150 1720 4196 ire·

128 4219 279 4281 demin.,qui
289 4220 354 4280 signa
366 4219 457 4268 lacunar
467 4218 729 4280 posuit.«l‘go,ait‚in
739 4217 775 4266 bis
783 4219 900 4281 tenebris,
946 4215 1027 4278 perio:
1038 4213 1378 4278 ’θαλριστιίδηςθλοκρδς
1392 4216 1446 4264 bah
1457 4215 1620 4276 Ταρτησίας
1632 4218 1720 4276 γαλῆς

128 4303 180 4350 qum
190 4289 392 4338 narratiunculam
404 4290 530 4351 premunt,
547 4289 593 4336 lroc
603 4287 726 4349 pervideo,
741 4287 857 4350 quidquid
872 4288 902 4339 de
947 4284 1064 4347 δηχθεὶς
1075 4286 1115 4333 και
1125 4286 1278 4343 ἀποθνήσκων
1291 4285 1362 4333 εἶπεν·
1378 4285 1413 4333 δτι
1422 4283 1481 4332 πολὺ
1494 4285 1523 4332 διν
1537 4285 1601 4342 ἥδιον
1613 4284 1641 4345 ἦν
1656 4287 1720 4348 αὐτῷ

128 4357 282 4406 Polemarcbo
289 4360 411 4406 namatum
419 4357 464 4406 luit
472 4387 502 4399 -
509 4369 564 4405 nam
572 4368 658 4405 nomeu
666 4355 788 4417 proprium
796 4357 903 4418 accipere
946 4353 1050 4415 δηχθέντι
1060 4355 1106 4402 ὑπὸ
1114 4355 1204 4410 λέοντος
1214 4356 1228 4412 ἡ
1237 4354 1371 4416 παρδάλεως
1378 4355 1509 4412 ἀποθανεῖν,
1519 4354 1582 4417 ειπερ
1589 4353 1629 4402 οὖν
1636 4356 1680 4404 tter
1686 4373 1720 4404 τι-

128 4427 257 4476 mnmltius
265 4429 316 4486 est,
332 4426 387 4488 quia
398 4426 456 4475 alias
466 4443 499 4482 τις
510 4425 618 4475 additum
629 4428 752 4486 exspectes
763 4451 809 4485 —,
818 4439 902 4487 perpe·
945 4424 984 4479 νδε
991 4427 1027 4485 τῷ
1032 4422 1124 4484 θανάτῳ
1131 4423 1353 4486 mansuetiora
1362 4423 1440 4486 θυρίον
1448 4423 1561 4471 τοιούτου·
1570 4425 1719 4484 τὴνδδοξίαν,

129 4509 176 4544 raro
188 4497 342 4546 mensium
353 4494 563 4557 Epizephyriorum
574 4493 665 4542 civitati
675 4492 728 4542 liaeo
738 4493 763 4542 ln
777 4493 843 4544 libris
851 4495 902 4544 rul·
946 4496 997 4556 ἐμοὶ
1004 4495 1088 4555 δοκεῖν,
1096 4495 1181 4549 ἐκεῖνος
1187 4499 1229 4543 τοῦ
1238 4495 1353 4556 δήγματος
1359 4495 1438 4555 πολλῷ
1448 4493 1570 4555 βαρύτερον
1576 4495 1650 4557 φέρων
1658 4496 1719 4552 λαὸν

128 4567 221 4626 paribus
235 4565 380 4628 aglutinaia
390 4577 450 4614 essa.
463 4563 556 4612 Etenim
569 4565 621 4626 poet
630 4565 828 4612 commemoratas
841 4563 903 4626 leges
946 4562 1044 4611 θάνατον
1055 4561 1132 4614 αὐτόν.
1145 4564 1207 4612 sane
1217 4563 1314 4624 quidem
1325 4561 1388 4623 apud
1400 4561 1546 4612 Heraclidem
1558 4575 1606 4610 nou
1618 4566 1720 4613 mustela

129 4636 233 4696 laland,
247 4635 289 4697 qui
301 4635 368 4683 locus
381 4634 480 4682 ultimus
495 4633 556 4682 solet
566 4633 590 4681 iu
600 4631 637 4680 liis
647 4629 855 4690 civitatibusesse,
864 4633 901 4682 bi·
946 4630 1081 4690 bominem,
1091 4627 1132 4680 se'd
1140 4631 1212 4680 bomo
1224 4630 1411 4694 ipsesepropter
1419 4631 1531 4680 mustelas
1540 4631 1668 4694 interiecit,
1677 4634 1720 4681 sed

128 4706 229 4754 alorioim
236 4717 317 4753 aarum
328 4702 385 4762 iuit;
393 4715 437 4752 nec
443 4702 501 4764 quid
509 4702 540 4751 ad
548 4705 677 4751 Locrenses
688 4701 760 4750 bomo
768 4701 903 4753 corinthius
946 4713 1017 4748 nemo
1031 4700 1119 4757 nescit,
1128 4702 1247 4762 qnantum
1258 4699 1373 4762 ejusmodi
1384 4701 1513 4750 hhtouoloe
1522 4701 1608 4750 variari
1619 4703 1718 4760 soleant,

130 4775 251 4834 perducat,
259 4774 369 4834 eupales.
379 4774 469 4834 liempe
479 4771 541 4819 male
549 4771 623 4819 baca
631 4769 821 4820 chalcidensium
832 4771 904 4823 rebus
946 4768 1008 4817 adeo
1016 4771 1045 4818 ut
1059 4769 1129 4818 iacile
1143 4769 1195 4818 lieri
1205 4771 1293 4832 possit,
1303 4771 1331 4819 ut
1345 4770 1453 4819 AEliauus
1464 4773 1489 4819 et
1498 4771 1582 4819 Noster
1594 4772 1625 4820 de
1635 4771 1720 4820 eodem

130 4845 208 4890 avulsa
218 4844 289 4902 sunt,
301 4853 356 4904 quae
370 4841 394 4889 in
405 4841 540 4890 narratione
549 4839 579 4889 de
590 4839 686 4892 condita
697 4839 777 4901 aliqua
785 4840 844 4889 urbe
854 4841 900 4889 Co-
946 4839 999 4886 viro
1013 4839 1087 4888 rerba
1102 4839 1197 4888 lacent.
1214 4839 1290 4901 igitur
1297 4840 1443 4902 πολέμαρχος
1457 4852 1506 4888 nou
1515 4839 1574 4894 riri,
1586 4839 1628 4888 aed
1642 4840 1719 4901 digrri·

131 4913 268 4960 ιίιιθιίοτυιιι
278 4909 577 4960 ολιελιθθειικίιιιιινεειαιιι
588 4909 673 4969 allata,
687 4909 714 4957 ut
724 4907 810 4957 similia
821 4909 902 4958 atatim
945 4909 1002 4957 tatis
1012 4909 1322 4971 nomenesaecomuemio
1332 4909 1438 4970 (opusc.
1452 4912 1520 4970 il,p.
1532 4909 1576 4968 δν)
1588 4909 1718 4958 ειαιυετιιυ.

130 4981 158 5028 de
168 4982 264 5031 eleonis
276 4979 362 5030 Atbois
370 4975 596 5027 commemorantur.
608 4978 796 5027 Firmamentum
807 4979 901 5028 seuten-
948 4977 1075 5026 Aristidem
1091 4981 1246 5038 laurensem,
1258 4979 1362 5028 Platonis
1378 4978 1496 5038 amicum,
1507 4978 1550 5038 qui
1564 4976 1638 5025 tiliam
1650 4990 1719 5027 mam

131 5050 168 5096 lie
183 5062 243 5098 mear
257 5051 352 5110 repetas
369 5049 441 5096 etiam
459 5047 527 5108 inde,
545 5047 609 5109 quod
625 5049 729 5109 primum
741 5047 765 5095 in
782 5046 903 5097 codicibus
946 5047 1059 5108 Dionysio
1067 5045 1188 5096 senioriin
1203 5048 1383 5096 matrimonium
1394 5045 1522 5107 pomulaml
1533 5046 1664 5105 mensarii,
1674 5059 1718 5094 cu-

130 5119 236 5168 onmium
245 5117 408 5168 ‹insideratum
420 5117 507 5166 lemma
518 5117 673 5166 Χαλκιδέωνε
690 5115 790 5168 camillo
800 5117 903 5167 Parueeo
945 5115 1032 5178 iusque
1038 5115 1466 5178 liberosposteatyrannusinterlecit,
1474 5114 1584 5163 norimus
1590 5126 1620 5163 ex
1628 5114 1718 5164 Plutar-
