3834 5767
678 355 850 413 tinnitum
875 356 1120 418 reinduimus.

121 491 206 560 στάζειν
224 496 341 566 πρᾶγμα.
363 491 423 546 Δεῖν
437 475 481 542 eis
500 483 537 540 ἔτι
554 485 648 548 παῖδας
669 484 749 548 οὕτως
771 483 878 560 ἄγεσθαι

121 579 156 636 td
167 582 213 636 τῖἰν
227 573 387 649 ἀσκήματων
400 571 541 650 ἀσχόλους,
553 567 622 628 ebora
632 568 669 646 μὴ
682 569 760 648 μόνον
780 569 844 647 μὴζ
862 605 878 616 .

119 675 180 738 ταῖν,
193 665 248 722 ἀλλ’
260 664 283 720 εἰ
292 661 400 718 δυνατὸν
410 660 476 734 μηδὲ
488 657 584 716 εἰδέναι
595 657 642 728 τὴν
656 657 778 728 τοιαύτην
790 680 879 716 συνου-

119 753 170 810 σίαν
186 749 251 814 ἐντὸς
264 751 317 806 τῶν
335 746 431 804 εἴκοσιν
451 748 524 804 ἐτῶν.
551 741 638 804 Ὅταν
655 743 682 802 δέ
697 745 742 802 καὶ
755 747 790 811 εἰς
803 750 879 804 τοῦτο
941 787 957 801 α

120 838 245 913 ἀφίκηται,
267 833 386 898 σπανίοις
405 823 471 890 εἶναι
493 830 620 910 χρηστέον
638 838 690 896 τοῖς
707 831 877 911 ἀφροδισίοις·

118 931 183 982 τούτο
198 922 246 1000 γάρ
264 920 329 1002 πρός
347 943 376 978 τε
397 919 444 991 τὴν
463 923 515 976 τῶν
537 916 682 996 γεννώντων
697 917 742 976 καλ
756 941 878 994 γεννησα-

119 1011 192 1086 μένιιιν
205 1008 301 1075 εὐεξίαν
311 1007 378 1065 πολὺ
389 1006 595 1083 ουμύάλλεσθαι.
609 1004 703 1080 Ἔλεγε
717 1003 744 1063 δέ
755 1005 799 1062 καῖ
813 1007 880 1081 μήτε

117 1101 202 1176 τρυφῆς
215 1095 282 1166 μήτε
297 1094 376 1170 μέθης
389 1093 477 1171 πλήρη
491 1095 547 1157 ταῖς
560 1089 673 1167 γυναιξὶν
691 1092 725 1154 εἰς
738 1091 768 1148 τθ
788 1101 878 1166 γεννᾶν
902 1151 905 1168 ,

118 1187 215 1259 ὁμιλεῖν·
227 1184 255 1240 σύ
271 1183 322 1260 γάρ
334 1180 432 1238 οἴεσθαι
445 1183 474 1236 ἐκ
488 1177 588 1258 φαύλης
603 1177 648 1234 καὶ
663 1175 821 1256 ἀσυμφώνου
834 1180 878 1235 καῖ

116 1269 271 1350 ταραχώδους
295 1268 412 1347 κράσεως
434 1265 548 1346 εὔρυθμα
572 1264 617 1322 καλ
639 1263 727 1337 καλὰ,
752 1265 809 1321 ἀλλ’
824 1263 880 1322 ούδῖ

118 1356 190 1432 ἀγαθά
203 1355 248 1425 τλν
262 1355 347 1434 ἀρχὴν
361 1354 503 1429 γίγνεσθαι.

468 1510 515 1544 21.

149 1625 267 1681 Stobaeos
279 1623 337 1678 Ecl.
352 1623 432 1694 Phys.
449 1624 477 1690 1,
494 1641 525 1690 ρ,
541 1621 573 1673 ιθ
588 1621 633 1675 ed.
650 1623 769 1676 Hersen.
789 1641 794 1672 ι
817 1617 881 1695 Περὶ

117 1709 139 1764 δὲ
157 1707 231 1787 τύχης
244 1706 306 1764 τάδ1
328 1705 438 1786 ἔφασκον
447 1751 455 1776 ,
476 1697 541 1762 εἶναι
556 1705 641 1780 μέντοι
659 1703 722 1782 (μέν
737 1726 762 1761 τι
778 1707 881 1761 mavult

116 1798 267 1876 tigrum.)
286 1795 331 1854 καῖ
350 1793 480 1870 δαιμόνιον
496 1793 571 1874 μέρος
585 1791 818 1870 αὖτἠς·.γενέσθαι
831 1789 881 1871 γδιρ

116 1881 235 1941 ίπίπνοιύν
259 1906 322 1940 τινα
346 1880 417 1960 παρὰ
442 1886 486 1938 τοῦ
511 1879 644 1956 δαιμονίου
665 1883 716 1940 τῶν
740 1879 881 1958 ἀνθρώπων

117 1971 179 2037 ἐνίοις
192 1969 232 2029 ἐπὶ
246 1969 279 2027 τὸ
299 1967 399 2046 Ιθέλτιον
412 1965 429 2038 ἢ
443 1968 485 2026 ἐπὶ
503 1967 533 2024 τὸ
551 1970 652 2046 χεῖρον,
667 1965 711 2024 καῖ
726 1958 791 2024 εἶναι
804 1989 880 2046 φανε-
904 1989 906 1999 ·

117 2061 157 2134 ριῗις
167 2057 219 2114 κατ’
233 2057 300 2114 αὐτὸ
314 2060 389 2112 τοῦτο
399 2053 456 2121 τοδς
469 2055 515 2130 μὲν
526 2056 653 2132 εὐτυχεῖς,
665 2052 723 2118 τοὺς
733 2053 755 2110 δ’
768 2055 880 2132 ἀτυχεῖς.

118 2142 346 2218 Καταφανέστατυι
363 2141 389 2198 δὲ
402 2133 566 2211 εἶναιτοῦτο,
580 2140 638 2207 τοὺς
651 2139 697 2216 μίν
710 2141 881 2219 άπροδουλεύ·

115 2253 156 2295 τως
168 2231 209 2287 καὶ
223 2232 285 2300 εἰκῆ
298 2253 322 2286 τι
336 2227 495 2307 πράττοντας
508 2226 633 2292 πολλάκις
644 2233 813 2306 κατατυχεῖν·
825 2227 882 2294 τοὺς

116 2317 137 2372 δὲ
154 2314 401 2394 προθουλευομένους
411 2315 455 2372 καὶ
464 2315 664 2394 προνοουμένους
676 2317 756 2392 ὀρθῶς
765 2337 790 2372 τι
801 2316 881 2393 πράτ·

1640 371 1698 418 27‘2

1286 510 1333 546 aa.

963 615 1064 671 Joann.
1080 618 1240 670 Durnascius
1255 619 1284 670 in
1296 616 1428 690 Append.
1443 618 1479 673 ad
1494 618 1574 673 Stob.
1598 619 1698 674 Floril.

924 701 969 757 ed.
980 702 1057 760 (isid.
1068 722 1097 776 p.
1108 704 1143 768 46
1157 723 1164 757 :
1178 698 1313 781 Ἔραστον
1325 702 1350 758 δὲ
1362 701 1407 759 καλ
1416 701 1464 768 τάς
1477 701 1602 778 μαθήσεις
1616 701 1702 764 πάσας

923 808 974 841 των
988 807 1016 842 τε
1031 787 1184 860 ἐπιστημῶν
1197 786 1242 844 καῖ
1258 791 1307 844 τῶν
1321 792 1435 865 τεχνῶν,
1448 789 1494 854 τδις
1508 790 1554 864 μὲν
1571 788 1701 854 ἑκουσίους

923 871 1000 950 ὀρθάς
1012 896 1042 930 τε
1054 864 1119 931 εἶναι
1134 873 1179 931 καὶ
1194 875 1230 938 εἰς
1243 871 1314 939 τέλος
1327 879 1502 954 ἀφικνεῖσθαι,
1521 875 1567 941 τδις
1579 876 1606 932 δὲ
1619 878 1698 933 ἀκου-

924 958 1005 1118 ρίοιγς3
1015 958 1127 1037 φαύλους
1146 983 1173 1018 τε
1194 960 1239 1018 καλ
1258 963 1356 1028 ἀτελεῖς
1378 962 1501 1039 γίνεσθαι.
1529 966 1570 1022 cf.
1597 965 1698 1020 lambi.

953 1066 964 1099 ι
1009 1092 1016 1104 .

1288 1161 1335 1213 23.

965 1277 1099 1350 Theoiog.
1111 1279 1223 1332 arithm.
1234 1297 1264 1351 p.
1277 1286 1314 1342 bo
1324 1285 1380 1334 Ast.
1392 1298 1398 1331 :
1411 1277 1577 1355 Ἀνδροκύδης
1585 1283 1634 1335 reb
1646 1281 1700 1337 Πυ·

925 1362 1058 1438 θαγορικδς
1069 1365 1083 1418 θ
1094 1361 1153 1440 περὶ
1162 1366 1213 1420 τῶν
1226 1363 1364 1437 rupturus
1379 1362 1498 1443 γράψας,
1512 1364 1557 1421 καῖ
1573 1364 1699 1422 Εύύουλί-

926 1449 971 1516 δης
991 1452 1005 1504 ὁ
1025 1447 1215 1524 Πυθαγορικὸς,
1231 1449 1277 1506 καὶ
1293 1447 1463 1525 Ἀριστόξενος
1484 1450 1528 1508 καλ
1544 1448 1701 1516 Ἱππόθοτος

925 1534 971 1591 καῖ
991 1533 1123 1605 Νεάνθης,
1144 1537 1168 1592 οἱ
1189 1533 1223 1591 τδι
1242 1533 1310 1592 κατὰ
1330 1535 1373 1591 τὸν
1389 1536 1470 1614 ἀνδρα
1491 1536 1701 1614 ἀναγράψαντες,

926 1622 979 1686 σις’
987 1621 1055 1679 έτεσι
1064 1620 1109 1681 τάε
1119 1621 1332 1701 μετεμψυχύισεις
1342 1622 1388 1687 τδς
1398 1621 1593 1696 συμόεόηκυίας
1603 1622 1701 1701 ἔφασαν

926 1707 1066 1784 γεγονέναι.
1085 1708 1162 1768 Μετδι
1181 1714 1295 1766 τοσαῦτα
1309 1714 1370 1783 γοῦν
1392 1709 1438 1779 ἔτη
1454 1711 1489 1774 εἷς
1502 1701 1702 1785 παλιγγενεσίαν

925 1798 1005 1854 ἐλθεῖν
1030 1795 1198 1871 Πυθαγόραν,
1217 1796 1263 1853 καῖ
1284 1799 1428 1866 διαζῆσαι,
1450 1795 1546 1854 ὡσανεί
1570 1793 1636 1869 μετδι
1656 1796 1702 1865 τὴν

925 1881 1032 1960 πρώτην
1042 1881 1222 1940 ἀνακύκλωσιν
1237 1879 1281 1939 καλ
1296 1880 1420 1940 ἐπάνοδον
1431 1887 1477 1940 τοῦ
1491 1881 1543 1940 ἀπὸ
1557 1881 1582 1949 ἓξ
1592 1886 1703 1961 ψυχογο-
1773 1905 1779 1912 ·

926 1974 996 2026 νικοῦ
1012 1967 1106 2040 κύθου,
1120 1975 1164 2028 τοῦ
1186 1969 1213 2026 δὲ
1233 1972 1312 2026 αὐτοῦ
1335 1969 1380 2028 καὶ
1400 1973 1646 2028 ἀποκαταστατικοῦ
1661 1970 1703 2026 διδι

925 2056 954 2114 τὸ
967 2059 1114 2136 οφαιρικόν·
1124 2061 1159 2122 ὡς
1170 2056 1197 2114 δέ
1207 2062 1252 2114 καὶ
1262 2057 1327 2114 ἄλλο
1340 2054 1425 2130 (ὥστε
1438 2059 1524 2122 καλῶς
1537 2059 1702 2134 Wyttenh.)

927 2142 970 2200 διδι
982 2144 1079 2202 τούτων
1094 2144 1217 2212 ἀνάζησιν
1237 2142 1315 2220 ἔσχε·
1337 2134 1360 2221 ᾧ
1383 2143 1427 2201 καὶ
1450 2151 1583 2221 συμφωνεῖ
1601 2143 1631 2199 τὸ
1651 2145 1704 2202 Εὐ·

927 2230 1023 2308 φόρὸου
1040 2229 1088 2299 τὴν
1102 2229 1189 2308 ψυχὴν
1203 2231 1360 2307 ἐσχηκέναι,
1378 2228 1446 2286 κατά
1468 2253 1497 2306 γε
1512 2229 1571 2294 τοὺς
1584 2228 1704 2307 χρόνους·

927 2317 951 2396 φ’
965 2316 1070 2395 γὰρκαὶ
1082 2317 1113 2374 ιδ’
1125 2316 1169 2386 ἔτη
1185 2315 1292 2391 ἔγγιστα
1303 2317 1355 2374 ἀπὸ
1363 2320 1419 2376 τῶν,
1427 2317 1555 2393 Τρωῖκῶν
1563 2318 1705 2392 ἱστορεῖται

116 2429 171 2474 reo,
195 2402 397 2483 ἀποτυγχάνειν.
428 2393 504 2462 Εἶναι
532 2403 554 2460 δ’
578 2401 664 2482 ἕτερον
693 2401 775 2481 τύχης
799 2393 881 2475 εἶδος,
927 2403 1006 2481 μέχρι
1020 2403 1182 2481 Ξενοφάνους
1203 2409 1250 2460 τοῦ
1269 2407 1377 2478 φυσικοῦ
1392 2403 1437 2459 καὶ
1456 2405 1507 2458 τῶν
1528 2400 1705 2480 ’λνακρέοντός

116 2494 163 2547 καθ’
178 2491 225 2550 δοῖ
238 2491 289 2567 μὲν
304 2493 403 2572 εὐφυεῖς
417 2489 461 2546 καῖ
473 2488 606 2567 εὔστοχοι,
620 2491 643 2545 οί
655 2487 682 2545 δὲ
697 2490 786 2568 ἀφυεῖς
799 2490 883 2546 τεκαὶ
927 2515 954 2550 τε
969 2491 1013 2550 καῖ
1028 2490 1210 2568 Πολυκράτους
1221 2491 1320 2569 χρόνων
1333 2490 1376 2548 καλ
1388 2494 1435 2559 τῆς
1448 2489 1498 2547 ὑπὸ
1515 2488 1645 2566 Ἁρπάγου
1659 2495 1705 2547 τοῦ

116 2579 218 2635 ἐναντίαν
231 2576 427 2657 ἔχοντεςφύσιν
438 2575 588 2654 βλάστοιεν,
603 2568 638 2633 δίν
652 2579 673 2633 οἱ
690 2575 736 2652 μὲν
751 2575 882 2634 εύθύόολοι
928 2577 1021 2644 Μήδου
1030 2574 1126 2633 Ἰώνων
1135 2576 1283 2654 πολιορκίας
1294 2575 1339 2634 καῖ
1349 2574 1532 2650 ἀναστάσεως,
1541 2575 1573 2645 ἣν
1583 2577 1706 2642 Φωκαεῖς

116 2654 173 2734 εἷεν,
194 2665 230 2740 ἀφ’
251 2663 267 2722 ό
293 2687 318 2720 τι
340 2661 371 2720 ἀν
393 2661 601 2736 ἐπιθάλλωνται,
619 2665 642 2719 οἱ
662 2661 690 2719 δὲ
713 2661 882 2718 ἀποπίπτοιεν
928 2661 1048 2742 φυγόντες
1065 2663 1222 2722 Μασσαλίαν
1236 2663 1362 2741 ᾤκησαν·
1380 2671 1445 2721 πᾶσι
1462 2661 1512 2740 γδρ
1530 2661 1630 2728 τούτοις
1642 2660 1705 2737 όμό-

116 2756 154 2808 τοῦ
167 2757 281 2823 σκοποῦ,
300 2749 428 2826 μηδέποτε
443 2753 489 2821 τῆς
509 2749 621 2814 διανοίας
642 2751 728 2806 αὐτῶν
753 2749 883 2824 εὐστόχως
928 2771 1018 2826 χρονος
1030 2754 1044 2806 δ
1057 2748 1221 2828 Πυθαγόρας.
1239 2748 1309 2810 Ὑπὸ
1322 2748 1471 2825 Καμθύσου
1490 2753 1550 2825 γοῦν
1565 2751 1705 2826 ἱστορεῖται

116 2837 256 2916 φερομένης,
274 2837 346 2894 ἀλλά
370 2837 414 2894 καὶ
431 2836 635 2916 ταρασσομένης.
659 2833 765 2906 Ταύτην
787 2834 814 2892 δὲ
838 2833 883 2905 τὴν

116 2925 214 3002 ἀτυχίαν
228 2928 366 3003 σύμφυτον
376 2914 457 2998 εἶναι,
473 2923 517 2980 καλ
530 2925 576 2980 οὐκ
591 2923 754 2980 ἐπείσακτον.

117 3103 235 3154 ruccone
250 3091 331 3142 serius
344 3089 434 3140 discere
444 3091 555 3152 prestet.
572 3091 633 3138 inter
653 3101 708 3150 qum
721 3090 752 3136 sit
765 3088 836 3136 etiarn
855 3089 887 3136 rei

116 3181 212 3218 reserem
231 3181 301 3218 usus
323 3169 439 3229 oportere
457 3166 538 3229 itaque
565 3178 651 3228 pueros
670 3164 767 3214 edumei
793 3165 842 3223 sic,
860 3167 889 3213 ut

117 3245 178 3293 rudis
192 3244 315 3294 exercitiis
330 3242 441 3305 occupati
462 3241 525 3303 sint,
542 3249 614 3302 utque
626 3254 739 3288 venerem
755 3253 803 3288 non
817 3240 888 3288 modo

117 3333 157 3369 uon
168 3322 291 3382 curarant,
308 3319 363 3380 sed,
374 3322 392 3368 si
408 3318 457 3368 fieri
470 3318 557 3380 possit,
568 3319 629 3366 intro
644 3318 783 3365 vicesimum
799 3330 888 3366 anunm

117 3408 202 3454 prorsus
209 3397 336 3458 ignoreot;
346 3397 473 3458 postquam
486 3407 543 3442 rere
560 3393 591 3442 ad
601 3393 624 3442 id
634 3393 712 3442 retritis
721 3393 887 3454 pervenerint,

118 3485 164 3520 raro
173 3473 192 3521 ei
202 3473 234 3522 rei
241 3475 327 3522 tannen
336 3484 435 3533 operam
444 3471 508 3520 dent.
520 3472 580 3519 Nom
590 3469 614 3518 id
623 3482 699 3530 qunm
708 3469 738 3517 ad
749 3473 888 3531 parentum,

118 3546 633 3610 runmgoreraudaeprotisboounrinuitum
639 3546 768 3607 plurimum
775 3546 888 3593 conterre.

119 3629 224 3677 Praeterea
231 3627 338 3690 jubebat
344 3663 352 3688 ,
361 3639 393 3676 ne
401 3627 456 3688 quis
464 3625 549 3687 pienus
559 3623 650 3672 deliciis
658 3627 701 3672 aut
712 3623 825 3672 ebrietate
832 3635 889 3684 ope·

118 3715 162 3751 raru
171 3703 328 3766 procreationi
339 3703 467 3752 liberorum
478 3701 558 3760 δοιοῖς
576 3702 664 3763 quippe
679 3701 744 3762 quod
760 3713 790 3749 ex
802 3712 888 3762 provo,

118 3779 248 3830 inmortuus
255 3779 430 3830 etturboienta
437 3779 623 3838 mistione,non
631 3776 702 3824 modo
710 3789 758 3824 non
767 3774 859 3837 egregie
866 3777 890 3824 et

119 3858 224 3906 concinna
231 3857 338 3917 soboles,
345 3855 387 3904 sed
397 3868 426 3903 ne
435 3868 449 3902 a
459 3854 574 3917 principio
581 3853 677 3915 quidem
688 3854 736 3902 nito
747 3856 816 3914 pacto
827 3851 891 3902 bons

118 3933 186 3984 tieret.

494 4014 537 4064 21.

145 4099 176 4146 be
192 4096 288 4146 fortuna
302 4096 440 4145 statuerunt
451 4095 603 4156 Pythagorei,
617 4096 709 4154 portem
724 4091 821 4154 quidem
838 4092 889 4152 ejus

118 4175 213 4235 retinuero
223 4174 403 4224 essediriuem:
414 4173 489 4220 uitiari
497 4175 599 4223 sutem'a
609 4171 654 4220 deo
663 4171 779 4232 quosdam
789 4169 825 4218 vei
834 4169 891 4218 boni

120 4250 150 4297 νεΙ
167 4251 220 4299 ursii
238 4263 340 4310 caussa3
352 4261 453 4310 eamque
464 4247 496 4297 ob
513 4261 622 4296 caussam
637 4247 696 4296 aiios
716 4247 810 4306 ieiices,
832 4247 891 4294 alios

118 4327 215 4376 irretirer
226 4337 287 4376 esse.
302 4325 520 4376 manifestissimum
533 4326 597 4373 enim
606 4325 652 4373 boe
669 4337 732 4382 esse,
743 4324 802 4373 atros
818 4323 890 4370 nimi-

119 4415 166 4451 rum
174 4407 266 4454 temere
284 4400 375 4465 aliquid
389 4406 413 4451 et
424 4403 473 4452 sine
483 4403 580 4452 consitio
594 4405 691 4464 agentes
701 4404 812 4463 optatum
828 4413 892 4464 srope

119 4479 184 4530 inem
192 4481 325 4542 οοοιιοσιιὶς
336 4479 395 4528 aiios
404 4491 501 4528 rursum
511 4480 609 4528 consitio
618 4481 642 4528 et
652 4477 778 4540 prudentis
788 4480 890 4537 utentes,

120 4563 143 4606 nt
154 4563 214 4608 reete
222 4559 284 4622 quid
295 4559 337 4608 irat
348 4560 436 4608 trustra
449 4558 566 4607 laborare.
580 4561 637 4607 Esse
646 4561 762 4619 proterea
776 4555 841 4605 eliud
852 4569 890 4618 go·

120 4647 160 4684 nris
171 4635 290 4696 turtum,
301 4648 349 4697 quo
359 4635 398 4684 aiii
412 4635 460 4696 apti
476 4638 500 4684 et
511 4636 602 4684 siseres
612 4634 641 4682 ari
654 4633 748 4690 omnia,
758 4633 797 4681 aiii
808 4637 891 4682 contra

929 2835 1060 2911 Αἴγυπτον
1073 2835 1173 2902 ἑλόντος
1189 2836 1438 2915 συνηχμαλωτίσθαι
1449 2837 1503 2894 ἐκεῖ
1516 2835 1704 2914 συνδιατρίδων

928 2931 981 2988 τοῖς
994 2927 1109 3000 ἱερεῦσι,
1123 2923 1169 2980 καλ
1184 2925 1219 2990 εἰς
1234 2923 1379 2983 deividos
1395 2922 1524 2997 μετελθὼν
1538 2923 1584 2986 τδς
1602 2922 1706 3000 βαρύσ-

932 3090 1039 3137 scientim
1058 3093 1082 3139 et
1092 3090 1163 3143 artis,
1184 3093 1328 3152 spontaneas
1344 3089 1442 3151 quidem
1456 3094 1534 3138 rectas
1553 3090 1649 3149 suisque
1660 3102 1706 3137 nu·

932 3167 1005 3212 meris
1017 3164 1067 3213 iieri
1085 3166 1217 3227 absolutam
1238 3167 1327 3215 invites
1345 3166 1513 3227 sutem‚riios
1532 3168 1603 3228 etque
1621 3169 1707 3227 imper·

933 3243 1013 3292 tectas

1295 3329 1339 3376 2³.
1418 3321 1425 3333 '

964 3409 1116 3470 Androcydes
1140 3409 1324 3471 Pythagoricus,
1340 3411 1385 3471 qui
1408 3408 1437 3456 de
1452 3411 1540 3456 borum
1559 3407 1674 3468 symbolis
1687 3422 1707 3456 s.

932 3486 1105 3533 sententiarum
1120 3485 1229 3534 formulis
1241 3485 1348 3546 scripsit,
1361 3486 1419 3533 item
1430 3484 1562 3534 Eubulides
1573 3484 1709 3547 Pythagori-

933 3573 991 3619 cus,
1003 3562 1174 3620 Aristoxenus,
1189 3562 1356 3624 Hippobotus,
1371 3560 1507 3620 Neantbes,
1521 3561 1563 3622 qui
1573 3575 1611 3610 rrs
1621 3561 1707 3621 Pytho·

933 3649 997 3698 gorm
1005 3637 1081 3685 literis
1088 3635 1232 3685 mandarunt
1243 3657 1248 3685 :
1260 3637 1284 3684 bi
1294 3637 1367 3695 igitur
1375 3637 1545 3698 prodiderunt,
1557 3635 1710 3697 migrationes

934 3713 957 3761 in
968 3713 1015 3760 otia
1031 3713 1142 3774 deinceps
1161 3725 1261 3775 corpora
1279 3714 1360 3762 animo
1382 3713 1523 3774 Pythagoreo
1539 3713 1650 3774 obtigisse
1666 3725 1709 3774 per

933 3789 1049 3838 ducentos
1062 3793 1088 3837 et
1096 3787 1200 3837 sedecim
1213 3801 1289 3837 annos
1300 3809 1306 3836 :
1318 3791 1373 3850 post
1382 3791 1418 3837 toi
1426 3801 1544 3836 annorum
1556 3787 1709 3836 internuntium

934 3879 990 3914 eorn
1002 3866 1025 3914 in
1041 3865 1217 3927 generationem
1227 3864 1324 3913 rediisse
1333 3878 1362 3913 ac
1379 3866 1506 3924 revisisse,
1516 3867 1640 3926 tamquam
1656 3870 1711 3926 post

935 3943 1037 4006 primam
1049 3941 1229 3991 conversionem
1243 3953 1272 3988 ac
1289 3940 1394 3990 reditum
1404 3941 1460 3990 cubi
1474 3954 1488 3989 e
1500 3941 1595 3989 senode
1608 3953 1709 3992 onorem

934 4021 1008 4078 iacti,
1025 4023 1049 4068 et
1063 4020 1087 4068 in
1098 4019 1234 4068 animorum
1251 4018 1403 4079 generatione
1419 4017 1543 4075 celebrari,
1555 4017 1709 4078 ejusdemque

934 4097 964 4146 ad
977 4097 1173 4145 instaurationem
1189 4093 1293 4144 eidcseis
1310 4097 1408 4156 propter
1425 4096 1537 4142 naturam
1549 4094 1707 4154 sphericum:

935 4187 1010 4235 quare
1023 4176 1087 4221 recte
1102 4172 1126 4220 id
1140 4173 1162 4221 ei
1180 4170 1292 4233 obtigisse
1303 4172 1330 4219 ut
1347 4183 1389 4232 per
1407 4173 1444 4218 tut
1455 4182 1573 4218 annorum
1585 4170 1710 4219 interestis

935 4251 1094 4300 revivisceret.
1107 4248 1218 4299 Ostendit
1227 4248 1274 4296 Ιιοο
1283 4250 1355 4298 etiam
1365 4261 1421 4296 cum
1433 4251 1568 4309 temporum
1577 4249 1709 4297 rationibus

935 4329 1098 4386 congmentia,
1106 4325 1171 4388 quod
1178 4323 1299 4387 Euphorbi
1307 4324 1412 4374 enimam
1420 4324 1511 4373 babuit.
1521 4327 1579 4374 item
1587 4326 1708 4386 quingenti

934 4406 959 4452 et
972 4403 1169 4464 quattuordecim·
1176 4402 1270 4450 circiter
1278 4401 1335 4450 enni
1345 4403 1503 4449 numerentur
1511 4413 1525 4448 a
1534 4400 1637 4460 Troiano
1648 4402 1710 4450 belin

934 4481 965 4528 od
975 4480 1127 4543 itenopbsnis
1138 4478 1241 4541 pirysici,
1256 4477 1408 4527 Anacreontis
1417 4480 1442 4526 et
1457 4476 1586 4538 Polycratis
1592 4480 1688 4539 erarem
1703 4498 1709 4524 ι

935 4570 983 4618 qun
1005 4561 1111 4618 tempore
1132 4559 1201 4604 lones
1220 4555 1297 4604 Persis
1318 4554 1419 4614 subiecti
1439 4556 1495 4602 sunt
1512 4553 1544 4601 ab
1560 4557 1668 4615 itarpago
1686 4560 1710 4604 et

936 4636 1091 4685 Pboeeenses
1100 4632 1193 4696 protegi
1202 4633 1331 4682 Massiliam
1336 4631 1470 4682 condidere.
1479 4631 1592 4680 Hisenim
1600 4632 1713 4680 omnibus

122 4710 186 4770 inepti
202 4715 347 4770 nascentum
363 4723 465 4772 qrrorum
480 4711 531 4761 ittis
547 4712 608 4760 bene
619 4710 757 4772 procederet
775 4709 891 4772 quidquid

122 4791 279 4851 msciporout,
300 4791 343 4838 bos
358 4789 494 4838 aberrarea
506 4802 592 4850 scopu,
606 4789 729 4837 inteitoctu
744 4799 827 4836 eorum
841 4801 893 4848 per·

936 4713 1009 4762 rebus
1029 4714 1129 4776 aequetis
1149 4714 1195 4762 iuit
1213 4712 1367 4774 Pythagoras.
1393 4713 1479 4760 Fertur
1499 4712 1562 4764 enim
1583 4709 1671 4772 degens
1686 4712 1711 4759 in

937 4795 1037 4854 AEgypto
1051 4805 1108 4842 cum
1123 4792 1287 4842 sacerdotibus
1296 4788 1368 4838 simul
1386 4789 1411 4836 in
1423 4789 1586 4850 captivitatem
1599 4788 1711 4836 redactus

937 4884 950 4918 a
967 4869 1096 4931 cambyse,
1115 4871 1139 4916 et
1160 4869 1309 4930 Babylonem
1326 4864 1444 4914 abductus
1464 4863 1619 4912 barbarorum
1640 4864 1713 4911 sacris

123 4946 189 4990 tatem
201 4946 330 5005 numatam
341 4955 405 5001 esse,
415 4955 463 4990 uon
475 4942 624 4990 extrinsecus
632 4941 741 4990 allatam.
937 4947 1045 4996 initiatus
1061 4957 1120 4994 esse.
1144 4949 1173 4994 rit
1190 4945 1322 5005 Cambyses
1335 4942 1379 4990 fuit
1394 4943 1466 4989 atate
1482 4939 1624 5000 Polycratis,
1643 4939 1711 4998 cnjus

482 5025 523 5072 22-
937 5022 1088 5086 tyrannidem
1100 5022 1193 5084 iugiens
1210 5021 1368 5083 Pythagoras,
1384 5018 1466 5066 relicto
1482 5019 1566 5075 Samo,
1586 5017 1710 5076 AEgepturn

153 5106 266 5156 meebsot
290 5119 346 5154 vero
366 5106 437 5158 etium
458 5119 540 5154 ornnes
564 5103 700 5170 disciptinas
722 5103 894 5164 crrjnscrnnqne
939 5091 1713 5162 petiit.Demptoigiturbisitlocircuituanimimigrertisdded,

123 4867 220 4926 turbato,
228 4869 334 4916 berceto
344 4877 449 4928 unquam
456 4879 527 4914 cursu
540 4867 637 4914 ieratur.
649 4867 716 4914 itanc
728 4877 786 4912 reru
797 4864 891 4912 intelici-
