3834 5767
159 404 217 455 tto
756 387 917 445 cantent
939 386 1155 447 Memnonis

158 527 323 601 prehensus,
338 526 391 579 hoc
404 533 454 590 est,
466 521 639 577 adstantibus
651 521 808 592 utrimque,
821 520 938 592 quima-
985 530 1011 573 et
1030 518 1225 593 proditoribus
1240 520 1293 575 lata
1307 522 1357 588 sit,
1375 538 1409 575 ex
1423 536 1478 593 qua
1493 522 1674 577 condemnati
1690 536 1767 579 extra

159 630 213 667 uns
220 612 265 668 vel
272 612 299 666 ei
305 610 419 682 injicere
426 610 611 675 minarentur,
621 608 666 661 vel
673 608 798 661 vinetum
803 616 938 663 tenerent.
985 610 1104 661 Atticam
1114 606 1266 680 sepeliendi
1277 618 1304 662 et
1313 609 1388 661 bona
1398 626 1497 663 eorum
1508 610 1682 681 publicanda
1692 614 1746 665 sint
1758 634 1765 665 :

161 701 216 771 Qui
228 716 324 754 sensus
337 697 374 751 ad
387 696 581 769 Aristophanis
603 694 690 749 rerba
702 692 844 747 transferri
858 712 940 747 com·
984 706 1136 768 propterea
1145 696 1362 768 Euryptolemus
1369 697 1544 769 rogationem
1555 696 1691 771 deinceps
1698 702 1768 753 scri-

160 786 247 843 mode
261 794 371 859 potest,
394 802 487 857 neque
503 784 587 839 aliam
608 782 823 855 explicationem
837 781 941 835 admit-
984 781 1054 837 bens
1073 800 1202 855 expresse
1215 784 1381 837 memorarit
1398 800 1429 838 se
1444 800 1479 837 cx
1501 784 1628 839 Cannoni
1650 785 1769 841 decreto

162 884 224 929 tunt
237 874 323 928 verba
337 873 489 927 scholiasta
499 866 674 946 κατεχόμενον
684 864 850 944 ἑκατέρωθεν.
861 868 939 925 Cou-
987 866 1057 940 (non
1071 886 1104 923 ex
1119 868 1179 941 lege
1190 868 1387 941 proditorum)
1407 886 1472 923 cum
1486 871 1542 925 reis
1551 871 1693 943 agendum
1709 890 1769 929 esse

163 973 206 1016 tra
217 960 373 1015 Brunckius
386 970 416 1013 et
425 958 611 1013 Schneiderus
624 956 660 1011 ad
673 957 807 1029 Xenoph.
825 957 846 1011 l.
862 958 882 1012 l.
902 957 941 1011 ita
985 972 1106 1011 censere.
1117 956 1202 1025 Quod
1212 974 1280 1011 vero
1290 954 1370 1011 addit
1379 954 1440 1031 δίχα
1452 953 1572 1025 ἕκαστον,
1584 976 1644 1013 non
1653 960 1768 1033 psephi-

162 1058 297 1105 statuunt.
322 1049 458 1101 iuvenem
485 1043 562 1117 apud
584 1043 817 1115 Aristophanem,
843 1044 938 1109 aiunt,
985 1040 1176 1111 smatisJ'ussu,
1189 1042 1329 1097 sedesua
1343 1044 1478 1099 sententia
1489 1042 1580 1099 addit.
1596 1046 1669 1099 Nam
1682 1050 1768 1103 etiam

162 1133 317 1210 significare
336 1152 398 1189 rem
414 1134 455 1187 ita
473 1132 680 1206 transigendam
694 1149 753 1186 esse
766 1149 801 1186 ex
824 1130 939 1187 decreto
985 1145 1000 1181 e
1014 1128 1074 1200 lege
1083 1128 1264 1201 proditorum
1275 1131 1333 1185 καθ’
1346 1126 1391 1185 ἕνα
1401 1126 1510 1187 ίκαστον
1523 1129 1659 1206 κρίνεσθαι
1667 1136 1768 1192 soluit.

162 1224 302 1289 Canuoni,
317 1230 349 1275 ut
363 1221 477 1293 utrique
492 1219 605 1273 mulieri
620 1220 770 1292 separatim
784 1219 940 1291 morigere-
987 1211 1062 1267 lianc
1079 1218 1259 1285 sententiam,
1279 1235 1338 1271 non
1350 1214 1516 1294 ψηφίσματος
1531 1219 1640 1289 jussum
1656 1232 1767 1277 senatus

164 1322 219 1367 tur.
243 1310 368 1366 Cannoni
388 1325 488 1380 nempe
511 1307 625 1361 decreto
652 1316 766 1360 cautum
790 1304 886 1373 luisse,
908 1314 940 1358 ut
984 1300 1173 1373 impugnavit,
1190 1314 1217 1357 et
1237 1304 1403 1377 impugnare
1416 1316 1537 1377 poterat.
1554 1308 1596 1361 lta
1609 1309 1684 1361 enim
1698 1309 1716 1381 §
1730 1309 1767 1363 23

163 1403 337 1479 singulorum
348 1419 463 1455 seorsim
474 1418 556 1453 caiisa
569 1408 797 1470 cognosceretur,
811 1417 834 1451 si
826 1398 941 1470 plures
985 1389 1040 1443 ³¹8³
1052 1385 1267 1461 Τούτωνίὸθι
1232 1411 1390 1465 soievupmi
1398 1388 1696 1468 τῡῧὲπλίῑρωῦδῡῑιδϋῑ
1704 1416 1768 1499 xpp·

163 1491 245 1545 simul
259 1488 385 1560 ejusdem
399 1488 523 1542 criminis
537 1496 745 1542 accusarentur.
759 1486 940 1541 Scholiastam
985 1472 1069 1539 δόταῑς
1081 1487 1108 1531 et
1122 1496 1168 1533 του
1151 1476 1211 1531 ἐκ
1226 1476 1364 1535 Καννώνου
1375 1477 1557 1583 ψηρίαμρτοι)
1571 1478 1650 1535 ὅποτ’
1623 1502 1754 1558 τερῳοα
1705 1480 1768 1556 βοιί·

163 1596 278 1633 asensu
298 1576 403 1631 decreti
423 1575 581 1641 aberrasse,
604 1583 652 1627 aut
674 1572 940 1643 verbaejusvitiata
985 1549 1106 1633 δῑῦθῑβ
1087 1584 1109 1618 ω
1131 1560 1178 1619 ἅνδ
1180 1584 1221 1641 ρει
1244 1563 1445 1639 ’elisium‘
1410 1588 1448 1642 τῳ
1462 1564 1533 1642 νόμῳ
1547 1567 1767 1643 apululiucnr‘
1744 1592 1768 1627 οι

163 1684 230 1721 esse.
247 1668 356 1721 Docere
373 1665 428 1717 hoe
446 1663 541 1717 locum
561 1659 940 1731 Hesychii,qu11psaserba
986 1646 1141 1725 ἅνδρῑςκαί
1163 1646 1207 1707 ἕνα
1221 1650 1340 1712 ἕκαστον.
1358 1656 1448 1726 Igitur
1461 1655 1531 1708 nihil
1546 1672 1600 1727 ego
1614 1656 1699 1711 video
1716 1676 1769 1713 cur

164 1752 269 1807 decreti
295 1761 429 1807 servasset
435 1791 443 1815 5
469 1759 501 1803 ut
523 1766 557 1801 ex
578 1747 717 1800 vocabulo
742 1744 940 1819 διειλημμένους
985 1738 1071 1793 verba
1086 1738 1240 1795 Scholiasta·
1257 1752 1391 1815 ctil‘l'uptfl
1406 1759 1465 1796 esde
1478 1742 1545 1797 vel
1537 1760 1631 1814 ipsum
1643 1744 1768 1801 §Cluilia-

164 1850 359 1913 cognoscatur,
375 1835 553 1909 quodetiam
569 1834 699 1889 Comicus
719 1833 858 1889 exhibeat.
884 1833 942 1907 [Ex
985 1836 1054 1881 stam
1068 1844 1173 1881 errasse
1185 1844 1355 1886 censeamus

163 1929 272 1981 comico
293 1927 377 1981 etiam
396 1923 549 1994 Hesychius
568 1939 679 1975 smnere
700 1918 823 1993 potuit]
850 1924 940 1993 Hesy-
1358 1962 1375 2017 6

164 2015 257 2067 chium
268 2022 402 2086 practerea
411 2020 487 2065 recte
495 2026 610 2063 monere
619 2007 655 2061 de
664 2008 793 2080 pluribus
803 2009 885 2062 simul
896 2027 938 2065 ac·
1380 2004 1387 2019 '

164 2100 264 2153 cusatis
269 2099 350 2170 loqui
355 2097 501 2151 decretum
509 2115 517 2162 ς
526 2095 597 2149 male
607 2105 704 2148 contra
711 2112 800 2147 unum
807 2112 886 2147 reum
893 2114 939 2149 uo
1025 2092 1189 2147 Plutarchus
1195 2092 1307 2147 Aristid.
1314 2110 1340 2149 c.
1351 2092 1388 2149 26
1396 2094 1600 2161 τΤελευτῆααιδ
1607 2093 1768 2171 Ἀριστείδην

165 2189 271 2241 minare
285 2184 450 2239 scholiasten
461 2192 490 2235 et
501 2182 619 2237 verbum
634 2177 816 2251 διειλημμένον
825 2182 942 2252 pessime
986 2178 1010 2233 σί
1025 2176 1072 2250 μὲν
1083 2179 1109 2233 ἐν
1121 2176 1212 2255 Πόντῳ
1222 2177 1299 2255 φασίν
1307 2177 1487 2237 ἐκπλεύσαντα
1498 2180 1616 2257 πράξεων
1628 2180 1706 2241 ἕνεκα
1721 2186 1772 2254 δη·-

165 2275 304 2347 explicare
315 2267 504 2345 κατεχόμενον,
515 2286 581 2323 nam
595 2268 714 2322 alterum
725 2266 845 2321 verbum
855 2266 942 2323 ἑκατέ-
987 2261 1094 2337 μοσίων,
1108 2264 1132 2321 ul
1142 2265 1164 2319 δ’
1177 2262 1373 2344 Ἀθήνησιγήρ
1360 2287 1377 2321 α
1387 2264 1531 2340 τιμώμενον
1543 2266 1589 2324 καλ
1598 2270 1767 2346 θαυμαζόμε-

166 2361 352 2435 ρονθενίιιίρεο
363 2354 669 2412 decretofuisscvideri
682 2352 819 2428 [quonam
828 2355 940 2431 seusu?]
986 2372 1026 2407 νον
1040 2348 1089 2407 ίιπδ
1105 2352 1289 2411 τιινπολιτιον
1306 2354 1468 2432 Κράτεροςδ’
1486 2352 1768 2417 theothmarus

165 2448 287 2520 ideoque
300 2456 441 2501 retentum
452 2445 487 2498 ab
504 2442 653 2515 Hesychio.
664 2444 752 2496 Recte
763 2443 941 2515 Xenophon
987 2460 1042 2493 τινα
1061 2436 1169 2515 περί
1138 2460 1184 2509 της
1198 2439 1319 2509 τελευτῆς
1334 2444 1380 2497 τοῦ
1397 2440 1488 2549 ἀνδρὸς
1504 2440 1529 2499 εί
1530 2464 1603 2520 ρ.ηκε
1627 2444 1705 2503 Μετὰ
1717 2446 1768 2553 γίρρ

166 2546 223 2589 tem
243 2536 316 2589 inha
332 2534 350 2607 §
367 2532 402 2602 37
429 2531 568 2603 explicare
592 2527 789 2602 διειλημμένους
810 2528 942 2606 κρίνεσθαι
986 2524 1078 2593 rhetis
1068 2523 1425 2605 praeeminentissimi
1435 2524 1524 2605 ὥσπερ
1535 2526 1746 2639 &utpium
1721 2556 1768 2591 τοι

165 2642 218 2695 per
236 2620 367 2699 repleretur
387 2616 447 2694 δίχα
466 2614 583 2672 ἕκαστον.
607 2617 696 2689 lgttur
707 2619 845 2671 sancitum
857 2618 941 2671 fuisse
985 2612 1093 2719 δῆμον’
1080 2633 1209 2718 αναφυραι
1227 2613 1323 2683 πλῆθος
1338 2616 1516 2693 συκοφαντῶν,
1532 2614 1612 2674 οί
1573 2638 1632 2683 τους
1648 2618 1769 2697 ἀρίστους

166 2712 299 2777 decreto,
313 2720 345 2763 ut
362 2710 385 2762 si
399 2708 462 2779 quis
475 2703 519 2761 τὸν
532 2706 584 2759 τῶν
599 2701 738 2770 Ἀθηναίων
753 2703 836 2778 δημον
852 2703 942 2781 ἀδικῇ,
986 2698 1029 2756 καί
1039 2696 1768 2787 δυνατωτάτουςόνδραςδιιίικοντεςυπίὸαλλοντῷφβόνῳ

166 2798 376 2869 eJusmodireus
385 2793 668 2863 vinetustudicium
676 2792 838 2860 duceretur,
846 2794 942 2865 ibique
985 2790 1036 2844 τῶν
1046 2786 1279 2867 πολλῶνίπαιρομέ
1281 2810 1330 2845 νων
1340 2788 1384 2845 ὑπ’
1391 2790 1560 2867 elirqueexul
1568 2792 1712 2868 duacenses:
1719 2797 1767 2855 Ἔν

167 2904 277 2941 causam
290 2885 416 2940 diceret:
428 2891 476 2950 ut,
489 2900 513 2935 ει
505 2881 597 2934 forte
609 2880 704 2951 plures
712 2879 837 2950 eJusdem
848 2900 943 2935 crima
985 2896 1083 2940 τουτοις
1095 2896 1141 2931 και
1156 2872 1312 2952 Αριστειδην
1324 2876 1422 2933 αλωναι
1437 2878 1603 2985 δωροδοκίας,
1619 2883 1767 2961 Διοφάντου

166 2992 210 3028 ms
220 2973 327 3046 publici
336 2990 377 3026 rei
389 2978 547 3043 agerentur
560 2985 620 3020 nou
631 2984 728 3021 omnes
736 2967 818 3021 simul
831 2966 943 3037 judica·
987 2984 1030 3017 του
1014 2960 1246 3040 Αμφιτροπηθεν
1256 2984 1472 3041 κατηγορουντος
1481 2968 1528 3036 ὡς,
1543 2963 1639 3025 ὅτι
1600 2990 1660 3033 τους
1674 2969 1767 3045 φόροις

167 3072 274 3127 rentur,
286 3060 336 3115 sed
347 3058 448 3131 singuli
458 3074 536 3111 suam
547 3056 667 3127 quisque
683 3072 795 3109 causant
806 3054 941 3109 dicerent.
988 3046 1107 3125 ἔπραττε,
1118 3046 1237 3127 παρὰ
1204 3070 1254 3105 των
1268 3046 1364 3107 Ἰώνων
1375 3072 1499 3129 χρηματα
1510 3052 1650 3125 teiam
1665 3058 1767 3114 larium

168 3152 234 3204 Hac
248 3146 447 3213 Schneiderus,
464 3162 544 3215 quus
554 3144 691 3197 sententia
700 3162 757 3197 uno
772 3142 864 3197 fulcro
875 3143 943 3197 ntlt-
988 3135 1050 3191 δ”
1025 3157 1072 3193 ουκ
1086 3134 1180 3213 ἔχοντα
1199 3134 1246 3205 τλν
1260 3136 1404 3207 καταδίκην
1425 3138 1584 3209 πεντήκοντα
1597 3145 1669 3217 μνῶν
1686 3134 1766 3202 οὖσαν

169 3234 313 3290 turrerbis
324 3232 520 3304 Xenophontis
530 3228 594 3301 l,7
609 3228 656 3295 34,
668 3230 718 3283 ubi
728 3229 945 3300 postrecitatam
987 3223 1127 3279 ἐκπλεῦσαι
1149 3222 1274 3299 καὶπερὶ
1296 3222 1343 3294 τὴν
1366 3224 1765 3289 Ἰωνίαναπσθανεῑν.Ἰούτων

168 3322 362 3394 Euryptolemi
379 3320 582 3373 accusationem
604 3317 697 3388 pergit
711 3317 850 3421 scriptor:
866 3316 943 3373 Τοῦτ’
990 3310 1016 3365 οὐ
1019 3308 1060 3367 lv
1072 3306 1132 3386 ίγγ
1136 3314 1225 3389 αφονδ
1241 3310 1372 3419 Κροίτιρρς
1390 3335 1530 3392 τεκμαριον
1542 3316 1686 3395 παρεσχεν
1708 3317 1766 3376 οὔτε

168 3406 248 3463 εἰπὼν
261 3403 474 3483 Εὖροπτολιμος,
490 3400 587 3479 εγραψε
598 3423 705 3475 γνυνατν
715 3422 784 3457 κατα
794 3421 824 3457 το
837 3400 944 3459 Kareoi·
989 3394 1061 3467 δίκην
1075 3395 1133 3453 οὔτε
1147 3396 1285 3475 ψήφῑσμα,
1307 3398 1402 3477 καίπερ
1418 3398 1513 3465 είωθως
1524 3402 1642 3466 lmus
1658 3403 1766 3481 γράφειν

167 3518 211 3553 νου
230 3492 352 3599 ψήφισμα
373 3490 503 3569 κρίνεσθαι
524 3487 581 3553 τοὺς
604 3487 711 3573 ἄνδρας,
734 3486 796 3564 δίχα
819 3487 943 3546 ἕκαστον·
989 3482 1057 3539 τίι·
1042 3488 1149 3541 τοιαῦτα
1170 3484 1214 3539 καὶ
1238 3484 1425 3562 παρατίθεσθαι
1448 3484 1505 3553 τοὺς
1530 3490 1705 3568 ἱστοροῦντας.
1729 3496 1765 3551 Oi

169 3581 283 3651 ἡδὲ”
249 3604 297 3649 της
316 3580 409 3657 βουλῆς
423 3570 466 3651 ἦν,
486 3585 535 3656 μιᾶ
548 3576 628 3655 ψήφιο
650 3575 766 3641 ἅπαντας
784 3574 888 3653 κρίνειν.
907 3573 1002 3633 Αιδ
988 3570 1143 3628 ἄλλοι
1106 3593 1209 3643 παντες,
1219 3574 1253 3636 οις
1263 3594 1323 3637 επος
1332 3574 1423 3643 είπειν
1435 3572 1490 3632 δσοι
1501 3572 1534 3631 τίι
1543 3578 1765 3651 πλπιιαελτθεντα

167 3690 235 3727 sero
258 3670 384 3726 Cannoni
400 3668 544 3723 decretum
567 3666 597 3720 h.
619 3667 639 3723 l.
659 3667 776 3719 ιιοιιίιιι
787 3677 941 3740 memorat
987 3682 1024 3715 τοι
1005 3658 1112 3738 οήαοι
1123 3659 1181 3738 περὶ
1195 3659 1354 3738 στρατηγοις
1367 3661 1489 3737 διεξίασι
1506 3662 1598 3731 τὴν
1568 3686 1616 3737 μεν
1628 3666 1764 3740 Θεμισςο

168 3770 199 3813 ut
215 3759 299 3829 hujus
317 3758 482 3811 auctoritate
505 3751 565 3829 δίχα
584 3752 693 3809 ἕκαστον
712 3750 781 3829 κρίνε
771 3755 875 3809 ε’σθαι
855 3756 942 3826 signi-
988 3720 1077 3813 κλέους
1091 3746 1173 3827 φυγὴν
1187 3770 1231 3805 και
1252 3748 1284 3805 τὰ
1296 3748 1441 3808 Μιλτιοίδου
1455 3751 1539 3825 δεσμὰ
1558 3752 1642 3809 aul
1614 3776 1664 3824 την
1682 3756 1766 3834 Περι-

167 3846 262 3900 licet·
288 3844 494 3915 sedquoniam
516 3852 612 3896 orator
636 3842 715 3894 initio
735 3841 870 3894 orationis
887 3858 943 3893 suae
989 3833 1076 3900 κλεους
1099 3832 1194 3909 ζημίαν
1214 3834 1324 3893 καίτοι
1351 3838 1474 3915 Πάχητος
1495 3806 1577 3895 lv·
1543 3862 1580 3919 τῳ
1604 3842 1766 3920 δικαστηρίῳ
1852 3906 1855 3915 Ι

168 3934 275 3987 dixerat
286 3951 315 3987 se
327 3930 442 4003 quidem
452 3930 606 4003 postulare,
621 3938 653 3982 ut
664 3927 750 3982 duces
762 3929 802 3981 illi
812 3926 944 3998 judiccn-
987 3920 1095 3978 θόνατον
1110 3919 1282 3987 ἀνελόντος(
1255 3944 1332 3979 αυιον
1341 3922 1383 3979 ἐπὶ
1392 3944 1438 3980 του
1421 3923 1598 4000 βήματος(
1584 3948 1618 3991 ως
1627 3926 1764 4034 hliuma,

170 4030 214 4075 tur
226 4038 261 4074 ex
275 4018 399 4074 Canuoni
414 4014 549 4089 decreto(
556 4015 636 4087 quod
649 4033 734 4086 supra
748 4014 944 4087 Xenophontis
987 4031 1032 4065 και
1023 4006 1131 4065 πολλὰ
1145 4009 1402 4087 τοιαῦτασυνοίγουσι
1417 4011 1461 4067 καὶ
1480 4013 1666 4089 θρυλοῦσιν,Ἀ
1670 4015 1766 4093 ριστεί-

167 4107 260 4161 verhis
271 4102 430 4175 dedimus),
442 4121 535 4174 neque
546 4112 638 4157 tamen
651 4120 680 4157 se
695 4101 880 4174 refragari,
859 4102 943 4173 siqui
988 4099 1031 4155 δου
1046 4096 1106 4155 δὲ
1084 4120 1126 4154 τον
1136 4095 1182 4171 μὲν
1196 4096 1396 4175 ἐξοσιρακισμον
1405 4101 1607 4177 παρετίθιντιιι,
1622 4103 1766 4175 καταδίκης

166 4195 282 4249 mallent
293 4192 416 4263 J'udicari
428 4190 493 4244 illos
507 4207 543 4255 ει
551 4207 585 4243 ea
594 4190 667 4262 lege,
681 4208 745 4260 quae
756 4188 793 4243 de
803 4189 943 4260 sacrilegis
988 4182 1015 4241 δὲ
1029 4183 1149 4254 τοιαύτης
1160 4186 1275 4260 οὐδαμοῦ
1291 4186 1490 4262 μνημονιόουσι.
1502 4193 1535 4245 ln
1548 4193 1671 4247 rationes
1680 4192 1766 4264 hujus

184 4306 1762 4333 mm

539 4410 564 4459 6·
987 4379 1052 4427 sione
1061 4378 1175 4439 exigenda
1184 4380 1215 4428 ab
1224 4380 1321 4429 ionibus
1329 4381 1462 4442 pecuniase
1471 4384 1532 4432 esset
1545 4396 1626 4445 passus
1634 4388 1765 4449 corumpi,

987 4457 1127 4505 damnatum
1154 4457 1224 4506 luisse
1242 4458 1311 4507 minis
1329 4459 1499 4521 quinquaginta
1510 4475 1516 4507 :
1529 4461 1616 4523 quihus
1627 4476 1703 4525 quum
1717 4478 1765 4513 uon

194 4538 318 4585 ttonuum
326 4534 452 4583 addidero
465 4534 538 4583 aliiiu
549 4532 772 4595 Pontoperhibent,
785 4530 849 4595 quod
860 4544 888 4579 eo
898 4544 941 4580 ne·
987 4538 1048 4582 esset
1059 4532 1188 4592 solvendo,
1201 4534 1323 4595 navigasse
1335 4537 1359 4583 et
1374 4536 1399 4583 in
1415 4536 1481 4605 tonia
1497 4536 1546 4587 lato
1561 4540 1713 4589 concessisse
1730 4545 1765 4590 Dc

164 4613 284 4675 potiorum
293 4611 442 4673 publicorum
455 4624 527 4659 eausa
538 4612 683 4672 navigasset,
693 4610 733 4658 alii
746 4609 845 4658 Athenis
857 4611 941 4657 exacta
987 4613 1024 4661 his
1035 4614 1148 4661 Craterus
1161 4624 1238 4674 neque
1248 4612 1363 4675 scriptum
1375 4614 1471 4675 aliquod
1488 4612 1674 4677 documentum,
1687 4632 1765 4681 neque

164 4694 249 4750 utute,
261 4691 286 4738 el
294 4688 319 4736 in
330 4688 420 4735 honore
428 4688 633 4749 admirationeque
647 4687 737 4735 civium
749 4686 866 4735 habitum.
881 4690 940 4735 cra·
984 4688 1115 4751 judicium,
1125 4702 1202 4749 neque
1213 4688 1337 4738 decretum
1346 4690 1428 4749 aliut,
1438 4692 1523 4741 solitus
1530 4693 1635 4757 alioquin
1647 4694 1711 4743 haud
1727 4696 1764 4748 in·

164 4772 229 4819 lerna
239 4766 338 4818 Macedo
349 4766 380 4816 de
389 4766 457 4815 obitu
465 4766 516 4827 ejus
528 4767 582 4815 hue
598 4766 703 4816 tradidit.
723 4769 781 4816 Post
797 4766 940 4815 mulctatum
985 4766 1109 4828 diiigenter
1120 4779 1148 4815 ea
1158 4779 1292 4828 apponere,
1304 4768 1462 4817 citatisetiam
1476 4770 1623 4819 auctoribus.
1638 4776 1668 4821 at
1680 4774 1764 4836 reliqui

164 4847 236 4896 eriiio
253 4844 451 4904 Themistoclem,
462 4843 560 4893 libidine
570 4845 659 4893 elatum
674 4843 789 4906 populum
808 4843 939 4892 calumnia·
986 4845 1139 4903 sereonmes,
1151 4846 1270 4907 quotquot
1282 4844 1362 4906 populi
1373 4844 1398 4893 in
1409 4846 1587 4909 dueespecrata
1603 4848 1680 4899 literis
1694 4866 1761 4900 man-

164 4926 245 4973 tomm
253 4924 368 4973 excitasse
377 4922 538 4982 turham‚qui
548 4921 754 4982 potmtieaimosct
761 4921 865 4982 optimos
877 4921 941 4970 viros
985 4924 1088 4985 (luunt,
1099 4924 1115 4970 ii
1128 4923 1227 4972 exilium
1244 4924 1423 4985 Themistoclis,
1445 4926 1556 4975 Miltiadis
1574 4930 1685 4990 vincula,
1698 4932 1762 4979 mul-

163 4998 825 5061 reustaoerent,ousquemultltudiuisrebmsecundiset
834 5000 940 5060 potentia
985 5006 1048 5053 ctam
1062 5004 1170 5063 Periclis,
1182 5003 1289 5052 Pac-tretis
1298 5004 1349 5065 (qui
1361 5006 1384 5052 in
1394 5006 1459 5053 curia
1472 5008 1499 5054 ut
1514 5006 1642 5057 «limitatus
1651 5012 1761 5066 estante

162 5079 318 5141 superbientis
326 5079 420 5128 invidiae
427 5078 689 5140 vexandosmjtmrmt.
697 5077 939 5129 tuterhosAristidem
985 5081 1088 5129 tribuual
1101 5092 1186 5128 manus
1202 5079 1247 5128 sihi
1260 5081 1349 5142 attulit)
1364 5084 1480 5140 mortem,
1492 5084 1616 5145 multaque
1636 5084 1659 5132 id
1672 5087 1762 5147 generis

163 5170 260 5221 quoque
270 5156 403 5218 Dioplnuto
416 5156 606 5217 Amphitropensi
616 5157 742 5204 accusante
747 5193 754 5218 ,
765 5155 832 5218 quasi
844 5156 868 5205 iu
879 5170 937 5219 pen·
985 5159 1031 5207 alia
1047 5156 1161 5219 coliigunt
1173 5160 1197 5205 el
1215 5158 1353 5207 celebrant:
1368 5159 1473 5210 Aristidis
1486 5174 1542 5211 reio
1557 5162 1655 5211 exilium
1665 5164 1759 5226 quidem
