3834 5767
170 363 225 416 452

757 345 976 408 lllEliOlVVllll
998 348 1182 408 cenotAo't

168 485 352 551 cemeridam,
369 487 423 551 ait,
440 483 598 558 gravissima
618 491 684 536 sunt
706 499 766 553 quae
785 499 800 536 a
814 481 948 536 Pausania
968 502 975 532 ι
993 483 1022 534 ιιι
1043 499 1098 553 qua
1115 491 1259 553 tantopere
1272 481 1325 535 sibi
1337 480 1488 553 placebant
1498 483 1546 553 qui
1561 491 1620 536 tum
1633 482 1712 537 tuere
1724 480 1770 536 bi·

162 573 328 628 'referuntur
342 573 381 644 (v.
393 571 428 624 lr.
442 573 497 626 (iet
514 568 852 642 to).llieronprnusenim
862 586 948 640 quum
969 545 974 645 ί
992 569 1102 636 stoi-ici,
1116 568 1204 622 aliena
1226 567 1307 622 fuisse
1332 568 1444 623 videtur
1469 569 1556 625 abeo
1575 570 1705 639 homine,
1720 574 1769 644 qui

169 660 377 732 expeditionem
391 656 591 712 narravissetin
605 656 720 727 Epirum
733 655 832 708 factam
843 672 859 708 a
872 655 948 726 Lysi·

169 747 280 813 macho,
289 765 323 800 ne
336 744 467 816 sepulcris
478 741 592 814 quidem
602 758 666 796 eum
678 757 813 814 regumex
823 737 948 794 AEacida·

170 852 231 890 runt
240 832 500 904 generepepcrcisse
506 827 669 883 tradiderat.
678 827 760 898 Quod
767 826 950 898 quumminus

169 915 451 988 eredibilejudicaret
465 917 624 982 Pausanias,
644 915 710 985 quia
727 930 806 984 reges
830 914 873 966 isti
891 929 950 966 non

165 989 269 1076 'Pyrulri
285 1012 408 1068 tantum,
424 1001 489 1068 sed,
502 1011 632 1054 materno
647 1009 723 1054 certe
733 1016 850 1072 genere,
866 999 948 1053 etiam

171 1089 322 1148 Alexandri
342 1091 379 1144 M.
398 1087 518 1158 majores
541 1087 711 1150 exstiterint,
726 1095 786 1138 tum
806 1086 948 1158 alioquin,

169 1178 279 1244 scribit,
297 1177 468 1246 Hieronymo
479 1175 582 1228 invisos
596 1172 677 1226 luisse
692 1189 771 1245 reges
782 1181 882 1244 praeter
896 1176 950 1227 An·

171 1265 311 1336 ligonum,
330 1263 359 1314 iu
379 1259 457 1331 cujus
478 1259 550 1314 adeo
574 1260 690 1332 gratiam
714 1259 867 1332 scripserit,
890 1269 948 1312 tum

169 1351 289 1404 manime
302 1348 510 1420 Lysimachum,
524 1345 602 1418 quod
616 1345 729 1414 Cardia,
744 1347 833 1418 patria
847 1347 949 1400 lliero-

169 1437 245 1506 τιμαὶ
258 1435 345 1508 urbe,
361 1435 467 1501 excisa,
479 1431 680 1504 Lysimachiam
692 1448 746 1504 pro
761 1449 793 1486 ea
806 1433 836 1486 iu
847 1431 949 1485 isthmo

110 1523 117 1538 '
169 1521 330 1576 Chersonesi
353 1520 475 1574 Thraciae
497 1516 666 1573 condiderit
692 1519 726 1571 ln
747 1515 841 1571 medio
864 1517 949 1570 relin·
992 1551 1001 1574 ι

170 1607 315 1678 quendum
326 1615 375 1672 est,
390 1601 618 1658 numAlexaudri
628 1603 677 1670 lll.‚
693 1613 907 1674 quantacunque
917 1621 949 1658 ea

170 1694 239 1759 fuit,
255 1692 411 1746 reverentia
425 1689 626 1763 impedimento
647 1706 703 1742 esse
716 1690 857 1761 potuerit,
872 1707 948 1760 quo-

169 1780 261 1841 minus
273 1795 327 1850 pro
337 1775 428 1830 lubitu
439 1793 491 1830 suo
505 1774 683 1846 Lysimachus
693 1774 722 1828 iu
734 1791 832 1846 regum
845 1775 947 1846 Epiro-

171 1874 292 1926 ticorum
304 1870 436 1941 reliquias
447 1878 628 1942 grassarettu,
643 1879 672 1921 et
689 1865 853 1939 llieronymi
870 1868 949 1940 quod

171 1957 207 2014 de
219 1977 253 2012 eo
266 1956 389 2012 exstabat
406 1955 594 2009 testimonium
604 1952 789 2024 rejiciendum
796 1953 949 2025 planetae-

171 2046 208 2098 rit
218 2065 225 2111 ;
237 2043 286 2098 sed
300 2042 378 2115 quod
388 2039 659 2096 invidiosiusdixisse
667 2040 854 2112 Hieronymus
860 2038 949 2096 fertur

170 2131 206 2186 de
216 2130 418 2186 successoribus
430 2127 582 2184 Alexandri
592 2127 736 2193 universis,
750 2127 866 2200 gratim
879 2145 947 2181 vero

171 2228 291 2290 captasse
316 2215 463 2290 Antigoni,
479 2232 537 2268 non
549 2213 704 2267 abhorrere
716 2221 792 2267 certe
805 2222 948 2286 apparete

170 2306 233 2358 ritae
247 2301 305 2374 ejus
318 2301 496 2368 conditione,
510 2309 644 2372 tantoque
658 2299 764 2354 lucilius
775 2299 891 2354 credere
913 2301 947 2353 li-

170 2401 215 2446 cet
225 2390 373 2456 Pausaniae,
385 2387 465 2462 quod
476 2406 535 2442 non
547 2405 625 2441 suant
634 2387 705 2458 banc
715 2387 762 2440 ille
770 2385 818 2442 sed
829 2386 949 2440 aliorum

171 2479 255 2533 etiam
270 2477 433 2549 opinionem
448 2474 577 2548 proferre
587 2473 699 2528 videtur
715 2469 779 2548 (ὁδί
794 2468 949 2548 Ἱερώνυμις

168 2552 242 2626 οὗτοι
253 2560 309 2640 ἔχει
323 2559 369 2635 μὲν
382 2559 426 2620 καλ
439 2559 524 2625 ἄλλως
532 2557 607 2626 δόξαν
619 2559 682 2637 πρὸς
693 2556 836 2636 ἀπέχθειαν
847 2557 947 2637 γράψαι

170 2652 221 2705 τῶν
237 2645 365 2726 βασιλέοιν
379 2649 425 2725 (sr.
447 2647 492 2723 6).
512 2649 556 2703 Ab
574 2647 705 2702 Eumenis
728 2648 802 2702 enim
823 2647 950 2719 pactibus

169 2740 220 2809 qui
240 2754 328 2810 usque
350 2737 386 2791 ad
400 2747 520 2790 mortem
539 2733 598 2806 ejus
610 2735 741 2802 stetisset,
762 2752 821 2788 non
838 2744 950 2807 poterat
1050 2760 1052 2763 ·

169 2840 229 2878 non
243 2823 356 2878 infestus
370 2841 427 2878 esse
441 2823 490 2890 iis,
504 2823 553 2894 qui
566 2822 648 2895 regiae
659 2821 784 2890 lanuliae,
808 2837 892 2894 quam
903 2821 949 2876 ille

171 2909 356 2976 defendebat,
371 2926 542 2981 quocunque
562 2907 650 2963 modo
665 2907 819 2981 perniciem
841 2909 947 2962 machi·

171 2998 227 3050 nati
242 2995 365 3062 suerent3
379 3013 395 3050 e
410 2995 511 3068 quibus
524 3005 555 3050 ut
568 2996 659 3050 solum
673 2977 815 3067 excsperet
828 2996 948 3068 Antigo-

171 3102 256 3156 num,
268 3085 436 3140 acerrimum
446 3083 513 3137 olim
524 3082 657 3140 Eumenis
675 3081 874 3149 adversarium,
889 3092 949 3136 tum

171 3172 274 3225 virtute
297 3180 457 3229 commotus
485 3187 541 3224 esse
564 3168 676 3224 videtur
705 3176 733 3224 et
758 3167 949 3242 magnitudine

173 3257 275 3324 animi,
301 3275 356 3328 qua
382 3256 496 3329 insignis
517 3257 590 3310 inter
611 3271 780 3310 successores
798 3255 950 3310 Alexandri

171 3344 329 3416 Antigonus
340 3343 410 3411 biit,
426 3353 486 3397 tum
499 3344 587 3415 gratia
601 3354 629 3396 et
642 3341 853 3408 benevolentia,
866 3359 950 3414 quam

172 3440 303 3502 expertus
321 3429 357 3484 ab
371 3447 407 3484 eo
419 3429 518 3484 fuerat.
539 3428 584 3482 Ab
598 3429 649 3482 hac
674 3445 730 3482 una
750 3445 834 3497 vero,
854 3429 876 3482 si
895 3447 949 3500 qua

172 3516 303 3587 luitque
316 3516 463 3571 inhaereret
470 3515 592 3570 historiis
602 3513 661 3586 ejus
674 3515 738 3569 labe
752 3515 774 3569 si
786 3515 948 3585 disemis,

172 3603 297 3656 tlrrbitari
313 3603 359 3656 vix
383 3611 493 3675 potest,
506 3603 575 3674 quin
596 3619 662 3656 vera
675 3601 769 3657 dicere
789 3611 817 3656 et
830 3604 951 3658 voluerit

169 3690 360 3761 Hieronymus
369 3700 397 3744 et
409 3691 542 3762 potuerit.
561 3689 685 3744 Voluisse
702 3707 783 3756 eum,
798 3698 858 3743 tum
872 3689 950 3762 quod

172 3793 255 3848 supra
283 3777 425 3832 attulimus
456 3775 669 3850 Agatharchidis
699 3775 735 3830 de
762 3792 797 3830 eo
826 3777 951 3831 testimo·

170 3859 306 3935 eiusad),
330 3873 390 3916 tum
409 3878 470 3934 quae
494 3860 665 3916 familiaritas
688 3861 714 3916 ei
735 3871 763 3916 et
786 3863 874 3935 gratia
897 3861 951 3916 suit

173 3947 248 4019 apud
267 3950 421 4002 Eumenem
443 3957 471 4002 et
490 3949 664 4021 Antigonum
685 3945 799 4020 ejusque
816 3945 906 4002 fllium
923 3959 951 4003 et

172 4046 302 4108 nepotem
328 4033 516 4102 demonstrut;
536 4033 673 4105 potuisse,
702 4032 782 4105 quod
805 4050 866 4105 quae
888 4035 951 4088 vitae

172 4120 230 4189 ejus
241 4122 313 4175 ratio
325 4120 392 4188 fuit,
410 4118 580 4174 uberrimam
594 4119 620 4174 ei
637 4136 733 4172 rerum
744 4119 872 4174 notitiam
884 4137 948 4191 sup·

172 4207 328 4278 peditabat.
346 4205 464 4263 Accedit
475 4204 553 4278 quod
560 4206 708 4260 rhetoricae
715 4206 781 4260 artis
792 4205 947 4274 affectatio,

202 4390 384 4450 lllSTORlA
405 4388 674 4449 SUCCESSORUM
696 4389 916 4448 AtuxAttttttt

342 4497 555 4572 EORUMQUE
575 4497 774 4558 ultionum.

550 4640 573 4688 l.

191 4735 304 4814 ¹Allrotur
323 4694 482 4796 Hieronymus
500 4733 682 4786 adornationem
697 4743 783 4782 currus
802 4731 876 4793 llllm,
898 4745 947 4796 quo

174 4813 304 4864 Alexandri
316 4825 403 4874 eorpus
414 4815 510 4861 vectum
522 4814 566 4863 est.

199 5011 360 5075 (tamrelocine
369 5005 408 5073 qui
417 5013 473 5060 ante
480 4932 622 5060 Macidthies
630 5009 787 5071 praefuerant,
797 5009 950 5070 propriumne

174 5091 302 5140 tabuerint
312 5096 426 5150 regnum,
439 5099 468 5136 an
480 5088 544 5136 Darii
556 5087 655 5150 imperio
665 5085 751 5136 literinl
761 5084 874 5146 subiecti,
887 5085 949 5133 laud

993 655 1023 706 in
1035 672 1130 708 rerum
1140 655 1326 727 gerendarum
1339 659 1474 710 continuo
1486 675 1537 711 usu
1552 668 1689 724 versanu,
1703 659 1771 712 sub-

993 753 1085 794 actum
1102 758 1217 813 quoque
1235 752 1263 794 et
1285 761 1383 797 unum
1406 744 1548 816 ingenium
1568 744 1606 798 ad
1625 746 1770 800 historiam

992 826 1170 882 scribendam
1182 827 1276 884 allert.
1294 829 1419 902 Simplici
1434 831 1520 902 igitur
1533 842 1561 885 et
1570 833 1717 904 incompto
1725 833 1769 886 di-

993 914 1075 968 cendi
1088 931 1190 987 genere
1204 933 1284 987 usus,
1299 935 1351 970 nec
1362 917 1495 990 neglectae
1506 927 1599 972 menen
1616 919 1771 973 verborum

993 1002 1203 1072 compositionis
1226 1012 1321 1056 notam
1343 1001 1420 1074 apu'd
1442 1004 1608 1076 Dionysium
1626 1003 1664 1081 (ι)
1690 1005 1772 1061 defu·

993 1089 1070 1160 giens
1080 1087 1226 1158 jejunitate
1250 1089 1337 1162 magis
1350 1091 1486 1144 orationis
1502 1109 1587 1163 quam
1600 1094 1770 1164 quaesitoni·

993 1181 1081 1234 mium
1092 1191 1193 1236 ornatu
1207 1181 1354 1236 offendisse
1364 1182 1487 1240 videtur.
1503 1207 1514 1233 ι

993 1328 1071 1386 ΤΩΝ
1093 1329 1283 1388 ΔΙΑΔΟΧΠΝ
1299 1329 1575 1390 AAttitttt'ottsstt
1589 1331 1768 1394 ΙΣΤΟΡΙΑΙ.

1031 1469 1179 1524 Athenaeus
1198 1470 1232 1537 V,
1246 1487 1276 1543 p.
1303 1487 1370 1539 217,
1384 1472 1410 1524 D
1426 1488 1433 1540 ς
1455 1469 1600 1548 Περδίκκας
1619 1468 1705 1528 τοίνυν
1721 1473 1773 1550 πρὸ

997 1551 1131 1631 λρχιλιίου
1145 1552 1311 1630 βασιλεύει...
1324 1558 1359 1620 ὡς
1372 1553 1419 1629 μὲν
1431 1551 1583 1632 Ἱιριίινυμος
1593 1557 1689 1614 εῐκοσιν
1701 1560 1772 1618 tero

993 1638 1111 1716 (scien).
1125 1641 1263 1698 Cardiano
1279 1645 1315 1697 Π.
1326 1643 1384 1697 baec
1398 1643 1496 1698 tribuit
1508 1646 1662 1705 Briickuer.
1673 1666 1772 1720 quam·

993 1747 1078 1799 (ςυιιιιι
1089 1728 1229 1784 dubitans.
1241 1730 1355 1784 Rectius
1369 1731 1456 1803 petita
1466 1734 1607 1804 putaveris
1632 1751 1668 1788 eo
1699 1737 1769 1792 flie-

992 1817 1103 1887 ronymi
1115 1814 1222 1870 Rhodii
1233 1833 1317 1888 opere
1333 1814 1398 1893 llepl
1411 1819 1536 1892 ποιητῶν,
1550 1838 1639 1892 quum
1652 1839 1688 1875 eo
1706 1823 1771 1878 loco

991 1899 1170 1972 proferantur
1183 1901 1219 1955 ab
1243 1902 1393 1974 Athenaeo,
1418 1903 1467 1957 ubi
1481 1903 1517 1958 de
1533 1901 1689 1978 Agathonis
1712 1918 1772 1963 tra-

991 1987 1047 2058 gici
1060 1986 1138 2060 apud
1146 1987 1314 2042 Archelaum
1325 1990 1426 2044 versati
1445 1992 1620 2063 temporibus
1633 1992 1767 2066 disputat.

992 2073 1034 2126 De
1047 2090 1079 2127 re
1093 2073 1129 2130 cf.
1151 2074 1250 2148 fragia.
1274 2076 1389 2148 hlarsyae
1412 2069 1594 2151 Philippensis
1613 2077 1650 2137 ir.
1665 2080 1684 2136 6
1700 2101 1722 2134 ιι
1741 2083 1772 2136 in

991 2159 1093 2233 Script.
1109 2161 1188 2216 Alex.
1202 2171 1234 2228 Ρ.
1250 2156 1297 2231 45,
1765 2189 1771 2201 ·

1031 2439 1179 2493 Athenaeus
1189 2440 1221 2509 V,
1235 2459 1264 2513 p.
1279 2441 1345 2508 206,
1359 2441 1381 2494 E
1396 2459 1403 2493 :
1419 2435 1570 2516 Ἱερώνυμος
1580 2441 1624 2499 inl
1637 2444 1672 2521 τῇ
1684 2461 1770 2497 κατα-

992 2525 1072 2599 σκευῇ
1085 2527 1132 2593 τῆς
1145 2523 1315 2602 ἁρμαμάξης,
1327 2517 1346 2602 ᾖ
1359 2523 1491 2582 messene
1504 2531 1728 2602 κατακομισθῆναι
1740 2528 1771 2584 ’τὸ

993 2607 1157 2688 Ἀλεξάνδρου
1169 2613 1245 2686 σῶμα
1254 2614 1306 2692 (sc.
1320 2609 1496 2687 θαυμαζέτω).

1033 2874 1178 2947 Appianus
1191 2864 1320 2932 Mithrid.
1336 2891 1360 2932 c.
1378 2870 1396 2926 8
1410 2869 1448 2948 (p.
1464 2870 1521 2927 213
1532 2871 1650 2947 Didot.)
1668 2889 1676 2929 ε
1694 2873 1770 2930 Καα-

993 2958 1120 3018 ταδοκίιιε
1136 2955 1164 3016 δὲ
1177 2956 1228 3036 πρὸ
1250 2956 1298 3034 μὲν
1321 2957 1478 3016 Μακεδόνων
1499 2952 1589 3021 uirtute
1609 2946 1700 3034 ἦρχον,
1722 2957 1770 3013 αλιι
1810 2949 1816 2960 ’

994 3043 1049 3122 ἔχω
1060 3047 1147 3124 sepi-'ic
1160 3047 1253 3121 εἰπεῖν,
1268 3044 1319 3103 tire
1333 3043 1398 3102 ἰδίαν
1411 3042 1506 3121 ἀρχὴν,
1521 3041 1573 3100 είτι
1590 3043 1702 3122 Λαρκίου
1721 3065 1773 3100 κα·

994 3130 1113 3199 τήκουσι.
1129 3130 1290 3210 Ἀλέξανδρος
1301 3130 1330 3189 δί
1344 3154 1388 3207 μοι
1399 3132 1471 3188 δοκεῖ
1479 3129 1539 3195 τοὺς
1551 3129 1679 3208 ἄρχοντας
1689 3130 1772 3188 τῶνδε

994 3221 1045 3276 τῶν
1060 3219 1138 3276 ίθνῶν
1152 3218 1195 3276 tet
1211 3220 1281 3299 ρδριρ
1294 3219 1458 3294 καταλιπεῖν,
1478 3216 1642 3294 ἐπειγόμενος
1657 3217 1701 3274 ἐπὶ
1717 3221 1772 3276 Δα-

996 3304 1072 3383 ρεῖον.
1100 3305 1230 3364 Φαίνεται
1251 3305 1302 3383 γὰρ
1319 3304 1369 3363 καί
1390 3302 1506 3381 Ἀμισὸν,
1529 3305 1555 3362 ἐν
1578 3303 1672 3383 Πόντῳ
1694 3304 1772 3362 πόλιν

995 3387 1110 3448 Ἀττικοῦ
1129 3389 1229 3467 γίνους,
1243 3391 1286 3449 ἐπὶ
1305 3389 1494 3470 δημοκρατίαν,
1513 3393 1548 3455 ὣς
1567 3389 1677 3469 πάτριον
1699 3389 1773 3469 σρίσι

994 3477 1134 3550 πολιτείαν,
1149 3476 1264 3556 ἀγαγών.
1277 3475 1429 3558 Ἱερώνυμος
1442 3475 1470 3536 δλ
1487 3478 1542 3536 οὐδ’
1556 3479 1702 3556 ἐπιψαῦσαι
1716 3480 1770 3534 τῶν

995 3566 1073 3622 ἐθνῶν
1094 3563 1176 3642 δλως,
1197 3564 1255 3624 ἀλλ’
1269 3565 1319 3622 ἀνὰ
1332 3565 1379 3636 τὴν
1398 3565 1526 3645 παράλων
1547 3568 1594 3636 τῆς
1612 3565 1774 3644 Παμφυλίας

995 3651 1039 3710 καὶ
1052 3652 1173 3720 Κιλικίας
1186 3652 1275 3730 ίτίραν
1294 3653 1351 3711 ὁδὸν
1370 3652 1413 3711 tel
1429 3652 1473 3711 τδν
1491 3652 1599 3732 Δαρεῖον
1613 3651 1769 3731 τραπέσθαι.

1026 3797 1062 3862 (*)
1076 3798 1201 3861 Dionyslus
1218 3801 1255 3848 De
1269 3811 1375 3860 compos
1389 3797 1486 3847 verbor.
1499 3811 1523 3860 p.
1539 3805 1567 3860 5,
1585 3805 1614 3848 to
1631 3799 1710 3861 sylb..
1727 3798 1772 3848 ubi

995 3871 1154 3932 uiuonymus
1166 3881 1222 3918 cum
1233 3869 1332 3929 Doride,
1341 3869 1488 3930 Phylarcho,
1499 3868 1551 3918 aliis
1564 3869 1626 3918 inter
1634 3882 1676 3918 οοι
1685 3881 1771 3917 moeu-

994 3943 1070 4002 setur,
1078 3938 1187 4000 aquibus
1195 3937 1387 3999 aptarerborum
1395 3937 1610 4000 compositioplaoe
1616 3938 1771 3999 senenses.

995 4011 1077 4066 Οὐδεὶς
1085 4009 1144 4072 ᾤετο
1151 4009 1197 4056 δεῖν
1206 4008 1332 4070 αναγκαῖον
1341 4008 1398 4056 αιἰτδ
1412 4007 1454 4069 (τὸ
1461 4008 1539 4064 διξιῶς
1547 4008 1577 4056 τὰ
1586 4007 1689 4069 ὀνόματα
1697 4024 1772 4056 συντι·

995 4082 1071 4141 δίναι)
1085 4080 1153 4139 εἶναι,
1163 4079 1215 4127 etat
1231 4077 1400 4138 συμόόλλεσδαί
1408 4081 1472 4138 τιτῷ
1485 4077 1616 4126 καλλιιτῶν
1625 4077 1714 4137 λόγιον·
1728 4087 1780 4124 τοι·

994 4149 1071 4214 γάρτοι
1080 4149 1187 4204 τοιαύτας
1197 4148 1312 4204 συντάξεις
1324 4148 1462 4207 κατέλιπον,
1472 4147 1523 4202 σίας
1535 4146 1607 4201 οὐδεὶς
1615 4145 1723 4207 motata
1732 4144 1771 4206 μί·

994 4236 1032 4283 χρι
1040 4219 1162 4281 κορωνίδας
1172 4219 1274 4268 διιλδεῑν.

992 4389 1051 4436 setis
1067 4389 1219 4448 maspetum
1240 4385 1326 4434 habeo.
1344 4384 1479 4434 Alexander
1493 4383 1664 4445 includetur
1682 4383 1768 4431 barum

992 4465 1097 4526 gendum
1106 4464 1225 4526 principes
1237 4475 1267 4512 et
1277 4463 1341 4525 lego,
1358 4465 1387 4511 ut
1394 4462 1512 4511 tributum
1521 4462 1565 4524 iml
1575 4462 1719 4524 penderent,
1730 4473 1768 4509 te·

991 4541 1100 4604 liquisse,
1112 4553 1188 4602 quum
1204 4541 1288 4588 contra
1304 4539 1403 4589 berlum
1420 4541 1566 4600 properaret.
1583 4541 1644 4587 Nam
1660 4539 1686 4587 et
1701 4535 1768 4586 Ami·

992 4631 1046 4668 sum
1056 4654 1064 4680 ,
1076 4617 1146 4668 Ponti
1162 4616 1299 4676 civitatem,
1312 4615 1398 4665 Attice
1413 4615 1524 4676 originis,
1542 4614 1574 4663 ab
1592 4613 1727 4663 Ahmadro
1737 4611 1768 4661 li·

992 4695 1087 4746 bertnte
1103 4695 1230 4756 demtum,
1249 4695 1274 4743 et
1288 4693 1429 4756 popularem
1442 4693 1466 4740 lu
1481 4705 1509 4741 eo
1525 4691 1767 4750 administrationem,

993 4773 1069 4823 veluti
1079 4771 1182 4836 patriam
1196 4770 1316 4832 regiminis
1327 4772 1443 4829 formem,
1459 4769 1593 4819 restitutam
1610 4781 1662 4818 esse
1672 4779 1768 4830 compe·

993 4853 1077 4901 dinus.
1094 4854 1246 4912 Quamquam
1264 4849 1421 4910 {lieronymus
1439 4847 1536 4905 scribit,
1552 4860 1583 4896 ne
1599 4846 1705 4906 attigisse
1719 4844 1769 4908 qul-

993 4929 1049 4980 dem
1062 4927 1222 4978 Alexandrum
1231 4926 1283 4974 illas
1291 4927 1382 4987 gentes,
1391 4923 1433 4973 sed
1441 4923 1488 4972 elie
1499 4923 1538 4972 via
1545 4923 1617 4983 lustu
1625 4923 1769 4972 marltlmant

994 5005 1141 5067 Pampliylite
1147 5005 1174 5052 et
1184 5002 1274 5052 otttue
1283 5013 1351 5050 οιοαι
1359 5013 1411 5049 esse
1419 4999 1695 5061 momenmentum
1701 5011 1768 5057 vero,

996 5083 1037 5146 qni
1049 5085 1103 5144 post
1121 5079 1282 5131 Alexandmm
1295 5077 1464 5129 daemonibus
1481 5077 1591 5139 pruluit,
1605 5076 1769 5134 Arisrstbem,
