3834 5767
208 404 265 455 tao
772 395 1023 455 Manrrnorus
1047 396 1281 455 SEBENNYTAE

206 528 346 581 habuisset
356 526 500 581 Eusebius.
516 530 552 580 At
562 526 615 580 tale
625 525 694 595 quid
704 543 764 579 mea
775 526 912 579 sententia
921 544 980 581 non
1065 530 1117 598 Qui
1126 540 1279 600 sequuntur
1292 528 1366 601 apud
1376 528 1573 583 Manethonem
1585 548 1591 581 :
1603 530 1732 586 Soa-isan.
1747 548 1801 604 aq,

208 614 281 669 soret
292 614 344 667 viri
358 612 538 685 negligentis,
552 611 602 667 sed
613 612 661 683 qui
674 610 738 666 data
752 629 838 683 opera
848 612 981 685 stupidis·
1024 614 1129 687 Suphie
1143 616 1174 687 1,
1187 634 1230 669 an.
1246 614 1297 683 63;
1312 614 1416 689 Sophia
1427 616 1455 669 ΙΙ
1467 632 1512 669 an.
1526 614 1580 689 663
1594 616 1614 669 ii
1627 634 1687 671 nou
1699 617 1802 673 diversi

208 702 306 753 simum
320 716 348 753 se
366 698 498 752 exhibere
509 698 648 772 voluiqet.
668 728 704 737 -
722 696 874 769 Quomodo
887 716 933 751 res
952 715 980 751 se
1026 710 1088 754 sunt
1109 701 1145 754 ab
1165 701 1405 769 antecedentibus,
1427 709 1586 773 temereque
1606 704 1637 757 iu
1656 706 1801 759 cumulum

208 785 308 839 habeat
327 785 385 857 ipse
400 785 534 839 Eusebius
553 804 587 839 eo
607 783 729 853 indicat,
752 784 831 857 quod
850 783 980 855 dynastia
1026 786 1055 843 lt.
1072 787 1091 841 l.
1106 790 1219 861 aggesti.
1236 788 1346 844 Scilicet
1361 788 1446 863 Σῶρις
1465 800 1506 843 est
1524 788 1623 866 Σῶφις,
1637 794 1803 863 permutatis

209 873 311 943 quintae
328 872 450 942 primum
470 889 565 943 regern
582 871 664 943 ponit
684 889 764 937 eum,
783 870 832 941 qui
848 870 981 923 Africano
1026 872 1265 951 literisPerot'h
1277 874 1520 951 morereroidem
1532 876 1611 948 quod
1622 876 1802 954 Xadqtmc·

209 966 248 1010 est
265 957 372 1029 primus
382 974 431 1009 rex
450 956 581 1028 dynastiae.
595 966 695 1009 sextae:
711 956 796 1029 igitur
812 964 911 1027 quarta
925 954 981 1025 dy·
1028 960 1102 1014 cedit
1125 962 1203 1033 quod
1224 964 1300 1017 Soris
1317 964 1382 1017 anni
1411 980 1449 1035 ²9
1472 963 1644 1035 respondent
1663 968 1745 1019 annis
1767 986 1802 1041 ²9

208 1045 294 1097 nastia
307 1044 391 1097 etiarn
404 1060 483 1114 reges
493 1042 561 1113 dyn.
577 1043 681 1115 quintae
695 1042 857 1113 complexus
867 1052 981 1105 est,re-
1028 1046 1144 1119 Saophis
1162 1050 1246 1121 primi
1269 1066 1315 1121 ap.
1340 1048 1560 1103 Eratosthenem.
1583 1038 1736 1123 Saphtr'll
1756 1072 1801 1126 ap.

208 1148 255 1202 ges
277 1142 369 1183 autern
396 1130 541 1200 utriusque
564 1130 695 1201 dynastiae
718 1127 793 1201 apud
820 1126 980 1182 Africanum
1027 1134 1099 1188 Man,
1114 1133 1200 1189 hahet
1212 1154 1299 1191 annos
1309 1134 1356 1191 66,
1368 1134 1423 1189 sed
1437 1146 1529 1203 recte,
1546 1139 1804 1208 put0‚Bunseniu;

207 1227 271 1270 sunt
281 1216 488 1289 septemdecim.
500 1216 629 1269 Totidem
638 1214 781 1269 Eusebius.
792 1213 834 1270 De
843 1230 982 1267 annorum
1027 1222 1126 1291 reponi
1143 1221 1225 1291 jubet
1244 1220 1280 1277 56
1302 1242 1308 1276 :
1330 1241 1431 1295 nempe
1450 1222 1734 1296 comprehenduntur
1748 1228 1802 1283 lroc

208 1303 330 1356 numeris
343 1302 423 1357 aliter
437 1304 559 1357 statuisse
583 1302 675 1355 debet.
687 1302 716 1355 Si
729 1302 827 1375 primis
842 1310 908 1353 octo
935 1318 982 1354 re-
1027 1322 1144 1359 numero
1156 1308 1221 1361 anni
1239 1308 1312 1381 regis
1325 1310 1480 1381 utriusque.
1498 1308 1581 1381 Quod
1592 1308 1650 1381 jam
1665 1322 1731 1367 ante
1743 1316 1802 1368 lila-

115 1412 120 1421 ·
208 1391 289 1463 gibus
308 1408 371 1444 cum
392 1390 523 1444 Africano
547 1388 625 1443 dedit
644 1406 731 1442 annos
752 1394 823 1457 274,
843 1388 982 1459 sequentis
1027 1392 1176 1447 nethonem
1199 1393 1301 1449 laetum
1320 1413 1377 1449 esse
1395 1395 1499 1467 probat
1519 1396 1696 1465 Herodotus,
1717 1418 1802 1471 quern

208 1475 339 1547 dynastiae
361 1476 475 1549 regibus
495 1477 692 1547 relinquuntur
712 1476 776 1528 anni
801 1484 871 1543 174,
893 1492 981 1547 quum
1027 1478 1055 1529 in
1070 1480 1110 1533 bis
1122 1482 1248 1551 seqnitur
1256 1481 1412 1549 Diodorus,
1425 1483 1474 1555 qui
1483 1482 1588 1554 Cbeopi
1600 1484 1700 1539 tribuit
1715 1504 1804 1540 annos

209 1581 255 1634 ap.
272 1563 434 1616 Africanum
447 1563 501 1615 sint
516 1562 583 1624 248.
606 1561 662 1615 Sed
681 1560 857 1633 probabilius
870 1561 907 1613 ita
927 1571 981 1613 sta·
1028 1560 1081 1631 6ο,
1095 1566 1414 1638 Kephreniveroannos
1429 1567 1475 1625 56.
1489 1568 1605 1623 Accedit
1619 1570 1734 1641 quodsi
1749 1592 1802 1646 pro

209 1648 280 1721 tuit,
300 1659 332 1700 ut
351 1650 454 1719 quintae
477 1647 607 1719 dynastiae
630 1646 743 1717 regibus
762 1644 873 1722 dederit
893 1663 982 1699 annos
1027 1648 1063 1703 66
1079 1655 1267 1707 numeraveris
1279 1652 1330 1721 56,
1344 1672 1450 1709 summa
1467 1674 1606 1709 annorum
1617 1656 1753 1729 dynastia
1765 1662 1801 1713 tv

209 1730 283 1803 248,
307 1745 412 1804 quartae
430 1743 521 1785 autern
540 1751 585 1789 an.
610 1749 676 1785 aoo.
693 1732 737 1785 Sic
756 1732 830 1785 enim
852 1732 981 1802 proxime
1026 1746 1066 1789 est
1086 1745 1160 1807 ayt,
1180 1742 1222 1793 uti
1239 1758 1295 1795 esse
1314 1740 1406 1798 debet.
1422 1744 1464 1797 De
1482 1743 1561 1796 anuis
1579 1743 1615 1797 63
1634 1742 1772 1817 Suphidis
1791 1751 1801 1802 l

209 1818 315 1871 aceedit
325 1819 360 1871 ad
372 1820 536 1885 Barbarum,
551 1818 608 1889 qui,
620 1818 780 1872 hiricanunr
790 1827 817 1871 et
832 1816 981 1870 Eusebium
1026 1823 1104 1893 quod
1117 1824 1206 1881 dicam
1221 1829 1290 1881 nihil
1305 1828 1409 1899 habeo,
1425 1830 1477 1883 nisi
1488 1828 1567 1901 quod
1579 1829 1656 1883 idem
1669 1851 1804 1889 numerus

211 1917 313 1959 temere
320 1907 449 1973 miscens,
462 1916 566 1977 quartae
579 1905 709 1977 dynastiae
718 1904 817 1958 tribuit
828 1905 980 1976 septemde·
1025 1914 1173 1989 suecqssori
1187 1914 1360 1987 Suphidum,
1374 1916 1531 1971 hlenecheri
1539 1958 1547 1985 ‚
1560 1916 1654 1971 datur.
1670 1920 1799 1975 Fortasse

208 1998 262 2043 cim
273 2009 351 2065 reges
363 2002 390 2044 et
401 2008 488 2045 annos
501 1997 555 2054 'nl
570 2007 578 2063 ;
591 1991 773 2063 quiniaevew
785 2007 862 2061 reges
876 2008 910 2042 21
928 1988 977 2061 (31
1026 1997 1110 2071 igitur
1125 2000 1189 2055 hinc
1204 2003 1350 2055 translatus
1363 2013 1410 2056 est.
1434 2002 1562 2057 Ceterum
1584 2022 1673 2075 quum
1694 2006 1803 2081 Cheops

209 2096 262 2131 euae
276 2080 379 2148 quintae
390 2078 490 2131 Euseb.
507 2075 582 2149 dat),
593 2094 681 2129 annos
698 2074 764 2131 258.
782 2076 893 2131 Diutius
906 2075 981 2129 tricis
1026 2095 1053 2137 et
1068 2086 1195 2158 Cepbren
1206 2089 1241 2142 ab
1260 2086 1407 2143 Herodoto
1419 2101 1447 2144 et
1461 2090 1591 2145 Diodoro
1607 2091 1707 2147 iratres
1722 2092 1802 2150 fuisse

210 2169 283 2222 hisce
296 2168 431 2222 inhaerere
443 2166 533 2222 taedet.
1026 2168 1163 2241 dicamur,
1172 2176 1215 2229 vel
1226 2174 1290 2230 iude
1299 2185 1375 2248 patet
1381 2178 1554 2231 hlanetbonis
1561 2196 1696 2232 numeros
1706 2178 1715 2251 (
1727 2179 1794 2242 56)(

247 2254 289 2309 De
301 2257 418 2329 singular
431 2255 549 2325 regihar.
564 2284 602 2293 -
618 2255 629 2305 l
644 2264 672 2305 et
682 2254 718 2307 ΙΙ.
733 2255 810 2307 Duos
824 2269 902 2325 reges
924 2270 978 2323 po·
1026 2256 1178 2333 63:119)
1193 2261 1330 2335 genuinos
1343 2280 1399 2315 esse
1413 2282 1471 2316 non
1488 2282 1579 2336 posse.
1599 2262 1680 2317 ldem
1698 2265 1802 2321 dixeris

208 2352 324 2395 stremos
338 2342 468 2413 dynastiae
484 2342 568 2393 tertiae
580 2341 671 2393 alienu
688 2339 751 2393 loco
766 2342 873 2411 positos
884 2337 979 2394 adini·
1026 2348 1061 2401 de
1075 2348 1251 2404 Herodoteis.
1271 2352 1363 2419 Atque
1375 2351 1426 2421 ipsi
1442 2359 1547 2403 veteres
1558 2350 1613 2403 hoc
1629 2352 1745 2406 sensisse
1758 2356 1799 2406 ri-

209 2430 278 2482 timn
292 2427 422 2499 dynastiae
436 2439 541 2499 quartae
556 2423 736 2481 deducendos
749 2444 805 2481 esse
824 2445 908 2499 supra
922 2426 980 2497 jam
1026 2434 1143 2501 dentur3
1165 2454 1229 2491 nam
1243 2436 1328 2491 refert
1337 2436 1480 2491 Diodorus
1502 2434 1547 2511 (Ι,
1565 2436 1601 2499 64
1611 2436 1633 2509 ,]
1644 2439 1800 2494 secundum

208 2517 377 2571 mouerimus.
392 2516 604 2567 horninasunt:
1026 2522 1176 2575 nonnullos
1198 2522 1323 2580 Chemmi
1349 2524 1505 2577 successisse
1527 2542 1586 2577 non
1608 2524 1725 2578 fratrem
1750 2528 1802 2581 Ce-

1025 2608 1160 2679 phrenen,
1170 2608 1218 2663 sed
1230 2608 1320 2663 filium
1331 2608 1489 2681 Clahyea.
1502 2610 1543 2665 Cf.
1557 2610 1675 2667 Bteeltb.
1691 2630 1720 2685 p.
1733 2612 1799 2666 213.

1066 2697 1173 2751 Fratres
1186 2696 1251 2753 istos
1263 2697 1422 2771 pyramides
1436 2698 1505 2753 duas
1521 2698 1654 2753 maximas
1669 2700 1800 2753 struxisse

209 2780 270 2835 ‘1¹¹³e
283 2764 469 2837 limbabllll‘r
483 2767 634 2819 Bumffllffi
647 2782 676 2834 P·
694 2780 748 2830 ¹²7
763 2763 892 2817 ‘mendi‘
905 2764 942 2817 5⁸³
957 2782 966 2817 ἴ
1025 2792 1090 2835 nota
1105 2800 1149 2837 res
1163 2794 1210 2838 est.
1227 2787 1320 2859 Atque
1337 2786 1485 2839 maximam
1499 2784 1614 2859 quidem
1627 2804 1677 2840 rex
1694 2786 1802 2860 primus

345 2862 507 2933 Sechttphis,
532 2880 578 2917 ³1¹·
599 2862 635 2915 30
647 2863 701 2947 l:
715 2898 750 2953 56
1026 2869 1157 2945 (Cbeops.
1173 2871 1346 2947 Chemmis),
1367 2870 1519 2927 secundam
1540 2870 1735 2947 magnitudine
1753 2892 1800 2927 rex

345 2940 514 3013 K'ii'l'hmb
537 2959 583 2997 ³¹¹·
598 2932 653 3010 ²⁶l
756 2942 762 2952 ⁰
1025 2957 1163 3011 secundus
1184 2955 1344 3037 [Cephrenj
1361 2956 1508 3013 aedificasse
1524 2958 1628 3013 dicitur
1645 2969 1707 3013 tum
1726 2960 1801 3032 apud
1898 3010 1899 3013 ,

209 3032 293 3104 Apud
305 3034 514 3089 Eratosthenem
526 3034 609 3107 primi
620 3046 767 3106 ponuntur
783 3052 790 3084 t
1027 3044 1204 3099 Herodotum
1218 3058 1278 3099 tum
1292 3045 1368 3119 apud
1381 3044 1550 3101 Diodorum.
1558 3047 1664 3100 Verum
1673 3064 1761 3118 quum
1773 3048 1800 3104 in

326 3127 447 3199 Saophis
461 3130 488 3191 1,
519 3146 565 3181 an.
582 3146 619 3199 ²9
669 3166 706 3221 56
1026 3130 1164 3203 lapidibus
1175 3133 1326 3207 pyramidis
1339 3134 1465 3187 maximae
1478 3132 1561 3187 semel
1574 3141 1684 3187 tantum
1698 3151 1801 3189 nomen

417 2637 550 2707 Sephuris
565 2648 591 2689 et
605 2634 768 2705 Ilerplrercs.

326 3203 619 3279 Saophis-11‚an.27
710 3212 716 3223 ’
1027 3216 1176 3293 Chusu(*')
1197 3220 1281 3293 idque
1298 3223 1379 3294 Juxta
1397 3220 1515 3275 alterum
1532 3238 1637 3273 nornen
1658 3218 1799 3275 Chnemu-
1897 3272 1898 3277 ,

246 3306 330 3361 Vides
354 3326 488 3363 summam
516 3296 654 3363 annorum
679 3308 798 3363 eandem
822 3328 878 3363 esse
903 3310 980 3383 apud
1025 3306 1126 3377 clausu,
1146 3310 1200 3365 hoc
1220 3318 1314 3365 autem
1329 3311 1474 3382 saepissime
1495 3309 1555 3377 (rel
1576 3308 1800 3379 Chnemu-chusu

207 3408 369 3467 utrumque.
386 3397 420 3452 ln
433 3396 578 3451 annalibus
600 3399 734 3471 AEgyptiis
751 3398 841 3452 notati
856 3397 979 3457 fuerint:
1026 3398 1070 3449 vel
1089 3394 1232 3467 Chnemu)
1256 3398 1362 3469 pictum
1381 3397 1499 3469 legatur,
1520 3396 1584 3448 hinc
1602 3395 1712 3469 colligit
1725 3398 1800 3450 Bun-

208 3484 356 3555 aganni,x
369 3502 467 3537 meriss.
481 3496 507 3546 Χ
520 3484 589 3539 eteb'
601 3488 820 3552 annixmenssq
832 3488 981 3556 quosalter
1025 3484 1116 3535 senius
1126 3482 1299 3554 pyramidem
1314 3484 1462 3537 maximam
1482 3500 1539 3537 esse
1554 3482 1689 3549 secundi,
1709 3486 1799 3539 mino-

202 3568 244 3627 ·ed
260 3569 296 3624 30
311 3581 342 3625 et
355 3571 407 3638 26,
422 3572 491 3625 alter
505 3570 541 3625 ad
556 3589 593 3645 29
606 3584 634 3625 et
648 3590 684 3643 27
696 3590 785 3626 annos
797 3572 920 3645 integros
932 3592 981 3628 re·
1027 3586 1084 3623 rem
1093 3569 1178 3641 primi
1187 3570 1268 3643 regis.
1279 3568 1355 3639 Quid
1366 3569 1497 3625 hlanetbo
1507 3568 1632 3621 statuerit
1643 3567 1798 3623 discernere

208 3674 307 3711 vocare
315 3658 418 3730 potuit.
430 3658 515 3726 Quod
525 3659 639 3713 uomina
648 3660 754 3726 attinet,
765 3658 980 3731 Seraphisidem
1026 3674 1084 3709 non
1100 3657 1195 3713 ausim.
1208 3657 1333 3730 Assignat
1345 3657 1391 3711 ille
1400 3654 1516 3728 quidem
1526 3654 1701 3728 pyramidem
1711 3658 1796 3712 maxi·

207 3755 247 3798 est
275 3743 354 3815 quod
373 3743 487 3817 Sophia!
514 3744 652 3816 Saophis,
674 3742 789 3817 Sophia,
816 3742 981 3818 AEgyptiaee
1025 3760 1099 3795 inam
1125 3742 1243 3815 Suphidi
1267 3743 1377 3815 primo,
1407 3742 1457 3797 sed
1479 3759 1566 3815 quum
1592 3741 1667 3795 idem
1695 3760 1797 3803 nornen

207 3829 313 3883 Curru.
341 3830 458 3901 Saophis
475 3830 612 3885 secundus
632 3828 799 3906 (Σενσᾶωφις
818 3830 915 3900 (ioan,
927 3832 977 3885 ubi
1024 3828 1120 3899 paullo
1139 3829 1274 3881 variatum
1287 3830 1321 3881 sit
1339 3827 1527 3883 antecedentis
1537 3827 1625 3900 regis,
1641 3845 1702 3880 non
1715 3830 1798 3901 liquet

207 3915 310 3987 syllaba
331 3915 380 3971 Σεν
395 3916 509 3971 fortasse
523 3935 581 3969 non
598 3928 661 3970 orta
681 3928 721 3972 est
741 3934 774 3969 ex
800 3916 980 3971 antecedente
1025 3932 1061 3968 an
1072 3914 1207 3969 nonhuie
1217 3914 1392 3987 pyramidem
1409 3912 1558 3969 secundam
1577 3914 1736 3987 assignarit,
1753 3934 1798 3969 cu·
1894 3908 1895 3922 ¹

207 3998 387 4074 ἑόασίλευσεν)
399 4004 429 4056 in
439 4004 626 4057 monumentis
634 4004 925 4075 estCunxnu·cuurn,
938 4005 980 4055 in·
1002 3942 1007 4053 l

207 4089 317 4143 terdum
331 4090 415 4145 etiam
434 4090 524 4143 solum
538 4108 695 4162 cognomen
715 4091 831 4161 ponitur
849 4090 979 4146 Centau.
1026 4086 1133 4142 accedit
1148 4088 1227 4159 quod
1240 4090 1371 4143 hlanetbo
1387 4088 1443 4142 hoc
1461 4088 1525 4142 loco
1541 4098 1639 4143 contra
1659 4088 1797 4143 Herodoti

206 4176 269 4231 Hoc
281 4186 395 4231 notatur
408 4177 514 4243 ariete,
529 4178 609 4249 signo
628 4177 676 4231 dei
691 4176 833 4245 Thebani,
857 4176 975 4243 Choma,
1025 4176 1187 4229 sententiam
1203 4174 1352 4248 disputasse
1366 4174 1488 4243 videtur,
1505 4177 1546 4229 uti
1567 4174 1694 4230 indicant
1714 4177 1796 4233 verba

206 4264 295 4328 Num,
319 4262 433 4335 derepit,
460 4261 603 4318 Chnumis.
626 4264 678 4317 Vix
698 4264 785 4336 igitur
801 4261 920 4317 dubium
937 4274 978 4317 est
1025 4257 1056 4327 ἥν
1072 4280 1148 4336 φησιν
1170 4258 1306 4335 Ἡρόδοτος
1326 4258 1375 4317 ὑπὸ
1396 4257 1498 4325 Χέοπος
1517 4258 1658 4335 γεγονέναι.
1682 4265 1796 4319 Minime

207 4350 278 4419 quin
300 4366 459 4420 cognomen
480 4350 553 4421 regis
574 4349 705 4404 hlanetho
728 4349 892 4421 expresserit
909 4366 979 4403 voce
1026 4350 1099 4401 enirn
1110 4348 1258 4421 probabile
1272 4359 1312 4403 est
1322 4366 1386 4403 eum
1397 4348 1607 4421 reprehendisse
1619 4350 1796 4407 Herodotum

206 4434 378 4506 Kneplreres‚
411 4436 431 4489 i.
458 4452 483 4487 e.
506 4434 651 4507 Kneph-re
684 4435 768 4509 (rex)
788 4454 809 4490 s.
835 4434 978 4507 Coepit-rei.
1025 4446 1174 4505 propterea
1189 4435 1268 4508 quod
1283 4434 1420 4507 Chcopem
1433 4436 1627 4509 appellaverit,
1643 4452 1730 4507 quem
1747 4438 1798 4492 Su-

205 4518 284 4573 ldern
295 4536 404 4575 nomen
412 4520 489 4591 apud
503 4520 682 4577 Herodotum
696 4532 725 4575 et
737 4520 897 4575 Diodorum
911 4523 981 4576 abiit

206 4607 236 4657 in
257 4604 400 4701 [sephram
419 4623 504 4676 quem
523 4608 685 4663 Herodotus
700 4608 815 4663 fratrem
833 4620 860 4661 et
872 4627 980 4665 succes·
1058 4642 1089 4701 (⁵)
1102 4644 1241 4703 mmm
1253 4640 1487 4703 Qfflgffldm
1496 4586 1706 4703 mogon-yffi
1717 4641 1797 4691 pm

205 4709 296 4745 sorem
314 4691 382 4745 dicit
396 4690 519 4763 cheopis,
537 4694 557 4749 i.
570 4712 596 4748 e.
611 4692 715 4761 Chufu.
730 4697 785 4749 Pro
802 4693 910 4766 Cheope
925 4698 979 4750 He·
1001 4690 1005 4721 ’
1027 4712 1189 4761 Marathonis
1216 4712 1346 4774 nusquam,
1367 4711 1505 4761 omum
1533 4710 1665 4772 magum,
1690 4710 1798 4772 Lugdu„⁴

205 4776 302 4833 rodoti
322 4776 466 4831 Diodorus
492 4776 533 4849 (Ι,
556 4778 612 4850 63)
632 4780 714 4835 alieri
738 4776 855 4851 Χέμμιν,
881 4800 903 4834 s.
925 4777 979 4837 Χέ-
1028 4786 1131 4842 itata.
1150 4784 1199 4830 tta.

206 4884 298 4937 peius.
320 4860 422 4935 Χίμὸιν
433 4883 455 4918 s.
470 4860 591 4936 Χέμόην,
606 4866 640 4920 ld
651 4886 719 4921 vero
728 4884 876 4940 perperam
887 4866 980 4923 fecisse
1056 4862 1099 4921 l*‘)
1113 4860 1198 4921 Clfflfli
1214 4872 1301 4907 ¹¹⁰¹¹¹⁰¹¹
1310 4860 1382 4940 lilim
1394 4860 1417 4907 in
1426 4860 1540 4921 sepulcris
1550 4860 1636 4907 Simili
1649 4858 1695 4907 ¹⁰⁰5
1705 4862 1798 4939 Uibii*

206 4950 327 5019 ridetur,
343 4969 431 5021 quum
449 4951 563 5005 nomina
577 4953 658 5005 allata
676 4953 743 5005 item
759 4952 918 5033 exprimant
931 4972 979 5007 eo·
1025 4928 1695 5062 {fflgfflllslffivsslm’fflfl&wig-iim
1701 4932 1797 5045 mx:

206 5055 328 5111 gnomen
343 5034 438 5107 Chasa
448 5038 574 5103 secundi,
592 5037 715 5109 ideoque
731 5036 863 5093 Cleanthis
876 5056 979 5094 nomen
1024 5068 1135 5119 mgni
1150 5072 1217 5118 Μω,
1230 5072 1292 5119 ,Μ
1304 5073 1363 5119 Μ,
1377 5036 1402 5130 ἦ,
1420 5074 1469 5118 ,Ἀ
1480 5071 1517 5125 u·
1527 5072 1589 5127 Μ,
1602 5064 1721 5117 ΜΗ..
1735 5070 1794 5117 ΗΠ,

206 5142 302 5179 revera
313 5142 371 5177 non
384 5124 523 5179 diversum
537 5125 569 5178 sit
585 5124 727 5179 anomine
741 5123 879 5196 Kaphren.
1026 5141 1127 5201 mapton
1141 5152 1164 5201 p.
1183 5142 1234 5189 aaa.

1025 3994 1245 4073 jusmentionem
1254 4014 1430 4073 excerptores
1442 4002 1568 4055 omittere
1578 4011 1722 4073 poterant.
1739 4002 1798 4056 llue
1893 4030 1894 4033 =
