3834 5767
827 348 1071 407 FRAGMENTA·
1118 295 1133 312 ⁶
1706 372 1741 422 tt)

143 477 283 549 Taphias,
307 478 455 531 Pterclaus.
483 476 603 531 Eandem
628 478 714 531 srlrol.
736 480 811 550 vulg.
836 478 925 532 innuit

144 565 238 618 vernis
251 564 287 626 ὡς
298 559 326 617 δὲ
340 558 412 629 ἔνιοι,
430 564 480 615 nisi
494 563 572 633 quod
583 582 637 634 pro
652 565 759 635 Taplrio
774 567 855 636 ponit
867 564 924 618 sra-

144 664 216 707 trem
232 653 394 716 Teleboam‚
409 670 493 723 quern
509 649 564 723 Ap.
577 669 635 703 non
647 650 778 719 admittit,
792 652 927 706 Teleboas

1014 506 1025 528 «ι
1049 483 1151 534 Mirum
1167 492 1207 534 est
1217 482 1399 536 Herodorum
1423 484 1476 537 lroc
1499 487 1528 539 in
1542 488 1672 561 oedipo,
1697 494 1747 547 sed

969 578 1028 612 uon
1042 561 1071 612 in
1083 578 1169 631 opere
1181 560 1217 613 de
1228 562 1349 615 Hercule
1359 564 1525 634 exposuisse.
1534 567 1592 619 Nec
1600 569 1669 622 milri
1677 571 1749 625 liber

970 645 1113 700 Herodori
1124 646 1160 700 de
1173 646 1286 719 OEdipo
1299 648 1412 703 aliunde
1421 661 1505 704 notus
1513 662 1562 707 est.
1575 654 1665 726 Igitur
1679 675 1749 711 con-

143 736 197 795 ἀπθ
221 742 268 794 τοῦ
288 737 369 806 τηλοῦ
388 739 435 805 τῆς
461 733 583 814 πατρίδος
604 732 735 803 ὀπυόῆναι
758 736 848 791 dictos
870 755 926 793 esse
966 730 1035 802 jicio
1050 727 1202 807 :lippit
1217 733 1242 787 ἐν
1258 730 1358 808 ὀγδόῳ
1377 732 1599 811 ρηοέ.»ΒωσΙιΙι.
1615 742 1749 798 Miillerus

143 845 269 881 061186·ῃὲ-

517 908 559 985 [2]

185 1046 324 1119 Steplran.
346 1048 412 1119 Byr.
436 1066 464 1106 ν,
478 1042 569 1121 Ἄργος
584 1063 591 1098 :
607 1044 647 1102 Τθ
661 1042 759 1100 ἐθνικθν
779 1042 921 1122 Ἀργεῖος...

144 1132 192 1190 καὶ
203 1131 356 1207 ’Ap-pians<
369 1130 522 1206 λέγονται..
535 1127 654 1204 λέγονται
663 1128 709 1186 καὶ
721 1134 928 1209 πατρωνυμικῶς

148 1226 206 1295 (sc.
219 1216 367 1296 Ἀργειόδαι
377 1219 402 1293 ),
418 1221 451 1281 ὡς
463 1220 485 1273 ol
498 1215 589 1273 πολλοὶ
599 1215 643 1273 καὶ
653 1214 808 1295 Ἡρόδωρος.

188 1310 273 1367 Hunc
288 1306 488 1373 Herodorum,
505 1306 562 1359 sive
576 1315 651 1359 recte
661 1323 801 1360 nomense
811 1306 927 1373 habeat,

146 1398 204 1449 sire
222 1394 275 1468 (cx
291 1394 470 1460 Herodian03
485 1392 678 1465 Heliodoro?)
699 1404 862 1465 corruptum
879 1394 927 1461 sit,

147 1482 362 1555 grammaticum
370 1498 428 1535 esse
440 1496 548 1535 censeo.

530 1604 557 1660 3.

192 1745 340 1799 Athenaeus
353 1743 412 1809 Xl,
427 1760 458 1814 p.
477 1748 542 1810 474,
556 1743 601 1797 F:
625 1738 808 1817 Ἀρχαιότατον
828 1742 852 1798 δ’
877 1740 931 1798 ἐστὶ

151 1829 277 1906 ποτήριον
303 1826 332 1885 τὸ
355 1826 510 1904 καρχήσιον,
536 1826 600 1901 εἴγε
625 1827 717 1892 olet<
737 1828 864 1903 ὁμιλήσας
875 1830 929 1887 ’Al-

151 1917 259 1995 κρήνῃ,
275 1915 355 1972 ἔδωκε
371 1916 453 1990 δῶρον
467 1916 512 1983 τῆς
524 1913 630 1989 μίξεως,
644 1918 678 1979 ὡς
692 1914 843 1993 Φερεκύδης
857 1917 883 1971 έν
897 1920 929 1994 τῇ

150 2002 259 2082 δευτέρη
275 2003 328 2078 (sr.
347 2002 402 2076 ογ)
423 2002 522 2079 ἱστορεῖ
532 2000 576 2057 καὶ
591 2000 737 2080 Ἡρόδωρος
751 2006 764 2059 ὁ
779 2000 928 2081 Ἡρακλεώ·

149 2114 206 2159 τις.

528 2198 555 2257 r..

915 2327 922 2347 l

191 2331 289 2385 Schol.
300 2328 533 2397 Theocrit.Xlll,
544 2348 561 2403 9
576 2348 583 2383 ι
599 2324 777 2404 Ἀριστοτέλης
790 2326 928 2406 pinciniana

147 2415 353 2491 Ῥαδαμάνθυος
367 2414 537 2482 παιδευθῆναι
556 2413 600 2471 τόν
611 2413 760 2493 Ἡρακλέα,
779 2413 927 2493 Ἡρόδωρος

148 2506 157 2579 (
171 2506 235 2559 libri
252 2501 392 2579 Ἡρόδοτος
403 2504 411 2575 )
421 2500 448 2557 δὲ
463 2500 513 2557 tut
523 2504 573 2557 τῶν
584 2502 714 2579 βουκόλων
727 2499 925 2581 Ἀμφιτρύωνος.

148 2594 217 2645 Cum
233 2590 388 2646 Herodoro
402 2590 471 2645 facit
483 2590 617 2663 Apollod.
634 2592 672 2659 lt,
692 2598 720 2657 4,
740 2608 768 2661 9,
784 2590 811 2643 3.

524 2733 551 2789 5.

184 2872 275 2927 Idem.
292 2872 362 2926 XIII
374 2870 427 2939 ,56
446 2890 452 2924 ε
469 2866 585 2946 Ἐχρῆτο
596 2868 623 2924 δὲ
640 2865 775 2946 Ἡρακλῆς
788 2872 841 2934 τοῖς
857 2872 927 2929 Σκυ-

146 2961 225 3021 θικοῖς
239 2954 335 3025 τόξοις,
347 2952 477 3033 διδαχθεὶς
490 2954 561 3034 παροέ
571 2977 638 3020 τινος
652 2954 754 3014 Σκύθου
768 2956 923 3035 Τευτόρου,

971 820 1039 872 Dor.
1057 820 1101 885 ΙΙ,
1117 837 1146 890 p.
1172 818 1228 883 465
1250 820 1370 892 conjecit
1393 820 1420 877 ἐν’
1436 819 1661 898 Ὀλυμπιάδι,
1685 832 1705 884 i.
1721 850 1746 885 e.

972 906 1000 957 in
1013 923 1104 976 agone
1117 906 1261 979 Olympico
1267 908 1325 961 sive
1332 926 1366 962 eo
1377 908 1441 963 loco
1453 910 1503 963 ubi
1518 911 1554 965 de
1565 913 1638 967 ludis
1649 916 1748 989 Olym-

970 992 1040 1063 picis
1051 991 1086 1045 ab
1097 992 1218 1046 Hercule
1229 992 1360 1047 institutis
1373 996 1439 1067 egit.
1456 998 1565 1052 Etenim
1582 1010 1688 1055 veteres
1702 1004 1748 1057 di—

971 1079 1009 1132 cit
1020 1079 1148 1132 Herculis
1162 1088 1293 1133 staturam
1306 1079 1443 1136 definiisse
1459 1102 1494 1138 ex
1506 1085 1681 1159 longitudine
1694 1102 1751 1145 sta·

972 1163 1013 1218 dii
1026 1165 1175 1236 Olympici.
1186 1165 1228 1223 cf.
1243 1166 1348 1221 Gellius
1360 1169 1394 1225 Ν.
1410 1171 1443 1224 A.
1455 1172 1483 1237 1,
1501 1191 1525 1224 1.
1537 1174 1621 1243 Quod
1635 1176 1749 1232 sortasse

973 1251 1084 1323 longius
1105 1253 1234 1323 petitum.
1250 1254 1359 1307 Novem
1383 1255 1490 1327 pedum
1507 1269 1612 1314 statura
1635 1262 1750 1320 Herculi

973 1335 1057 1390 datur
1071 1337 1187 1391 eandem
1215 1337 1253 1390 oh
1269 1357 1393 1408 causam,
1411 1342 1447 1395 de
1468 1362 1523 1414 qua
1542 1351 1675 1403 nonarius
1693 1371 1749 1405 uu-

973 1440 1066 1476 merus
1075 1424 1158 1477 etiarn
1168 1424 1197 1476 in
1207 1423 1315 1495 reliqua
1324 1427 1453 1481 Herculis
1463 1429 1578 1486 historia
1587 1436 1663 1506 apud
1672 1448 1751 1492 vete-

973 1525 1017 1561 res
1039 1509 1159 1561 recurrit
1174 1507 1228 1583 (V.
1245 1511 1356 1583 Fragrn.
1374 1512 1510 1568 Chronol.
1523 1536 1551 1588 p.
1571 1521 1646 1595 τιὸ).
1665 1522 1749 1594 Apud

974 1594 1184 1666 Apollodorum
1197 1598 1235 1663 11,
1245 1602 1272 1663 4,
1284 1616 1313 1668 9,
1327 1604 1343 1661 4
1363 1599 1493 1655 Herculis
1506 1602 1610 1661 dicitur
1620 1628 1749 1684 τετραπη-

975 1682 1065 1757 χυαῖος
1072 1682 1153 1736 firisse
1161 1702 1170 1749 ;
1179 1682 1216 1737 ad
1227 1701 1311 1754 quem
1322 1684 1416 1739 lacurn
1426 1689 1550 1760 Hcprius
1563 1710 1570 1745 ε
1588 1716 1599 1740 ι
1614 1697 1656 1749 De
1668 1709 1750 1767 quat-

976 1779 1042 1821 tuor
1056 1768 1169 1836 einins,
1181 1770 1288 1840 inquit,
1303 1772 1446 1846 ingeniosa
1460 1788 1500 1830 est
1509 1779 1653 1854 Boettigeri
1662 1788 1750 1857 suspi-

975 1855 1039 1920 cio,
1052 1852 1169 1907 ductrun
1180 1855 1235 1909 hoc
1251 1874 1308 1911 csse
1322 1877 1337 1910 a
1349 1878 1445 1927 scena3
1458 1880 1523 1917 nam
1539 1869 1670 1939 tragicam
1688 1888 1749 1925 eam

974 1940 1055 1994 luisse
1067 1958 1225 1995 mensuram
1239 1944 1345 2018 colligit
1362 1949 1490 2020 exemplo
1503 1948 1599 2022 figmae
1615 1966 1750 2025 quattuor

974 2029 1135 2083 cubitorrun
1149 2031 1178 2083 in
1191 2049 1296 2104 pompa
1310 2035 1478 2107 Dionysiaca
1491 2039 1668 2113 Plriladclplri
1690 2043 1749 2097 du-

975 2124 1024 2167 ctae
1033 2115 1207 2169 Alexandriae
1218 2116 1294 2188 apud
1306 2120 1469 2174 Athenaeum
1481 2140 1512 2194 p.
1530 2125 1594 2196 193,
1610 2132 1644 2181 A.
1660 2152 1673 2178 υ
1686 2132 1749 2185 Hoc

973 2201 1114 2275 siveram,
1126 2203 1258 2274 equidem
1266 2206 1488 2277 scriptiunluisse
1498 2213 1654 2283 suspicarer
1666 2236 1673 2269 :
1684 2213 1747 2293 ‘le

973 2290 1034 2361 γοῦν
1042 2285 1079 2343 ἑνὶ
1091 2287 1151 2344 ποδί
1163 2309 1227 2367 φησι
1238 2291 1290 2346 τῶν
1312 2290 1399 2348 ἄλλων
1413 2293 1493 2350 αὐτὸν
1512 2299 1674 2373 περιττεύειν
1688 2305 1747 2359 κτλ.

974 2393 1004 2403 -
1023 2379 1061 2429 At
1082 2395 1184 2431 novam
1207 2378 1411 2434 dubitationem
1425 2395 1521 2438 movet
1540 2388 1640 2442 Comes
1655 2392 1746 2445 Natal.

972 2463 1092 2534 Mythol.
1109 2464 1158 2528 lib.
1168 2466 1202 2532 V,
1214 2484 1245 2536 p.
1260 2464 1333 2534 560,
1348 2467 1400 2520 ubi
1411 2468 1469 2522 haec
1481 2488 1488 2523 :

1348 2611 1377 2665 6.

1011 2758 1144 2812 Hercules
1156 2763 1260 2831 insigni
1273 2767 1395 2834 corporis
1409 2768 1600 2835 magnitudine
1612 2782 1640 2827 et
1647 2791 1747 2845 proce-

971 2844 1152 2915 ritatefnr'sse
1164 2848 1283 2901 dicitur:
1299 2854 1401 2922 qm‘ppe
1414 2870 1492 2923 quem
1505 2861 1650 2929 scripserit
1654 2860 1745 2913 Hera-

971 2933 1058 2984 clides
1072 2932 1201 2985 Ponticus
1219 2934 1295 3007 (lege
1316 2936 1472 2990 Herodorus
1484 2936 1535 3016 P.)
1551 2955 1682 3013 quattuor
1701 2966 1748 2999 cu—

146 3048 181 3109 ὡς
195 3047 295 3120 ἱστορεῖ
310 3041 457 3120 Ἡρόδωρος
478 3044 565 3118 (libri
579 3040 738 3122 Ἡρόδοτος)
758 3042 802 3099 καὶ
825 3043 927 3103 Καλλί-
972 3017 1088 3075 bimum
1112 3029 1140 3071 θ’
1161 3024 1241 3073 “niu“
1258 3022 1340 3093 pedis
1365 3024 1546 3097 hngsfflds'lfs
1560 3024 1664 3096 fuisse·
1696 3037 1747 3087 1⁰11

146 3152 230 3207 μερος
245 3132 301 3205 (fr.
315 3128 370 3183 365
384 3131 475 3185 Bentl.
488 3129 507 3203 ).

183 3222 251 3275 llaec
257 3218 494 3273 Ponticiauctoris
501 3218 654 3271 innovatio.
661 3218 797 3290 Eurytum
807 3218 927 3295 (OEcha-

146 3302 277 3379 liensern]
299 3324 355 3377 pro
364 3306 485 3358 Teutaro
498 3305 584 3357 habes
593 3323 637 3377 ap.
651 3305 785 3377 Apollod.
798 3306 838 3375 ΙΙ,
856 3314 883 3375 4,
899 3318 925 3376 l,

148 3414 173 3448 r.
189 3396 232 3448 De
248 3411 317 3447 arcu
341 3392 473 3463 Scythico
494 3410 521 3445 v.
537 3392 657 3445 Passow,
674 3394 705 3445 in
718 3392 859 3467 Boettiger.
874 3398 927 3449 An-

144 3480 284 3551 rlnenlng.
300 3498 326 3533 u.
339 3480 436 3541 Amase,
456 3479 513 3531 vol.
529 3480 559 3545 1,
571 3497 601 3551 p.
621 3476 684 3533 151.
703 3502 732 3510 ··
746 3482 876 3535 Ceterum
890 3483 926 3540 cs.

144 3570 249 3623 Natalis
274 3567 355 3620 Com.
374 3584 404 3637 p.
422 3564 502 3636 679:
532 3564 663 3619 Hercules
673 3568 823 3637 Jacnlandi
839 3580 926 3621 artem

137 3655 199 3724 suit
212 3675 232 3708 a
248 3656 364 3708 Teutam
380 3651 484 3723 Scytha
494 3663 615 3724 pastore,
635 3664 665 3706 nt
677 3656 837 3709 nitlsncins
850 3654 927 3729 (Tae-

144 3742 241 3817 tzes?)‚
257 3742 375 3795 edoctam.

183 3832 278 3883 Tzetz.
290 3830 358 3899 Lyc.
373 3826 430 3880 662
442 3824 598 3902 :Teooalpan
610 3820 638 3881 δέ
648 3824 754 3903 πηχέων
768 3817 799 3896 ἦν
814 3828 827 3883 ὁ
842 3824 926 3905 Ἡρα-

143 3916 224 3983 κλῆς,
237 3911 284 3969 καὶ
300 3910 378 3973 ποδὸς
390 3906 458 3979 ἑνὸς,
479 3908 597 3989 καθάπερ
612 3912 625 3966 6
642 3910 767 3977 ΙΙοντικδς
780 3910 925 3991 Ἡρόδωρος

143 4002 248 4075 (vulgo
263 3996 403 4075 Ἡρόδοτος
416 3998 424 4070 )
437 3996 543 4073 ἱστορεῖ.

183 4089 290 4143 Eadem
304 4087 399 4141 denuo
412 4084 494 4139 afleta
505 4087 533 4138 in
548 4088 653 4141 Histor.
668 4090 707 4155 ΙΙ,
725 4106 782 4142 210
796 4098 824 4143 ct
837 4088 903 4143 366.

180 4176 277 4230 Schol.
302 4173 386 4227 Pind.
407 4173 489 4229 Nem.
511 4174 563 4240 ΙΙΙ,
587 4174 621 4243 87
642 4171 808 4251 εἩρόδωρος
822 4178 883 4248 γοῦν
899 4174 925 4229 έν

146 4259 269 4319 Οἰδίποδί
292 4281 358 4339 φησι
376 4260 428 4315 τῶν
445 4256 532 4314 ἄλλων
554 4258 630 4315 αὐτὸν
645 4258 816 4338 (Ἡρακλέα)
837 4282 924 4339 περιτ-

143 4346 233 4418 τεύειν,
248 4343 316 4407 ὥστε
332 4344 361 4402 τδ
374 4342 434 4401 ὀλον
448 4347 525 4420 σῶμα
539 4348 631 4422 πηχῶν
644 4336 709 4401 εἶναι
735 4345 867 4425 τεσσάρων
881 4346 924 4404 καὶ

145 4456 230 4501 ποοος.

968 3115 1105 3173 praeterea
1117 3116 1145 3157 et
1157 3105 1313 3159 Herodorus
1327 3113 1356 3161 in
1371 3108 1518 3185 OEdipode
1531 3116 1675 3171 Herculem
1695 3132 1749 3175 tres

970 3191 1093 3243 dentium
1115 3193 1225 3245 ordines
1238 3192 1368 3249 habuisse
1393 3202 1557 3271 igneumque
1574 3205 1749 3274 splendorem

971 3294 1008 3328 en
1020 3278 1107 3330 oculis
1122 3276 1268 3347 effudisse,
1297 3287 1383 3334 nteit
1398 3284 1506 3338 Tzetzes
1523 3287 1592 3342 Hirr.
1611 3286 1664 3357 54,
1682 3294 1747 3354 ΙΙΙ.

1009 3363 1160 3417 Videamus
1173 3367 1289 3420 Tzetzen
1302 3369 1359 3435 111,
1382 3387 1408 3423 ν.
1424 3368 1481 3442 950
1495 3390 1570 3445 sqq„
1595 3376 1645 3429 ubi
1667 3390 1747 3450 poste

971 3466 1055 3520 quam
1069 3450 1178 3505 dmerat
1190 3452 1292 3507 Prusia
1305 3456 1378 3528 regis
1393 3454 1482 3511 filium
1499 3460 1634 3532 Zipoetem
1653 3464 1750 3521 dentes

971 3537 1000 3588 in
1011 3556 1099 3591 unum
1114 3557 1145 3591 os
1159 3552 1305 3596 concretos
1315 3543 1443 3599 habuisse
1457 3543 1508 3618 (cf.
1524 3546 1596 3602 Plin.
1621 3552 1684 3619 vlt,
1701 3554 1747 3621 rii,

971 3624 1032 3677 val.
1045 3626 1084 3681 M.
1099 3627 1127 3692 Ι,
1142 3624 1313 3701 8),pcrgit:

1009 3767 1176 3847 Ἡρόδοτος
1190 3770 1217 3829 δέ
1231 3770 1331 3831 Λέοντα
1346 3773 1468 3852 Σαρδίων
1484 3778 1607 3852 βασιλέα,

1010 3855 1117 3923 Ἰούλιος
1132 3858 1251 3934 (Pollex
1266 3864 1308 3930 II,
1324 3862 1377 3937 94)
1392 3861 1435 3918 τὸν
1451 3862 1555 3942 Πύρρον
1570 3864 1596 3921 δέ
1611 3865 1690 3923 πόλιν
1703 3870 1747 3927 τὸν

1111 3963 1113 3967 “
1571 3950 1746 4033 [Ἠπειρώτην

1009 4028 1078 4107 ἔχειν
1092 4040 1227 4108 γραμμαῖς
1240 4032 1349 4091 ὀδόντων
1364 4033 1391 4090 δέ
1405 4038 1480 4092 τοῦτο
1490 4029 1684 4113 τετυπωμένον,

1007 4118 1041 4181 ὡς
1051 4116 1095 4173 καὶ
1104 4116 1147 4174 τὸν
1157 4116 1291 4197 Ἡρακλέα
1301 4117 1328 4177 δὲ
1338 4122 1352 4176 θ
1361 4122 1425 4186 Χῖος
1434 4119 1505 4180 Ἰων
1517 4122 1562 4200 (fr.
1576 4126 1614 4181 88
1625 4130 1744 4207 kept.)

1665 4214 1746 4291 [λέγει

1008 4290 1077 4369 ἔχειν
1089 4291 1200 4349 ὀδόντων
1215 4292 1361 4372 τρέοτοιχον
1373 4294 1441 4353 θέσιν
1455 4297 1664 4376 ἀρραγεστάτην.

969 4440 1062 4508 Patet,
1079 4440 1193 4512 opinor,
1219 4460 1303 4513 quam
1322 4442 1495 4517 negligenter
1513 4446 1616 4500 Natalis
1631 4449 1746 4503 Tzetzen

149 4540 1737 4571 --—---—-—---.——..-...--—

522 4598 549 4648 2.

175 4685 273 4747 Argiroe
282 4680 424 4733 Herodorus
436 4678 555 4741 Argeades
563 4678 632 4730 dixit.

521 4762 546 4809 3.

173 4848 284 4913 luppiter
296 4856 503 4909 congressuscum
514 4844 627 4893 Alcmene
640 4845 774 4895 mercedem
786 4844 926 4895 carnalitas

145 4924 378 4977 ‹leditcarchesiam

519 5006 545 5052 4.

172 5090 314 5141 Aliubulcis
327 5084 509 5147 Amphitryonis
526 5085 640 5133 Hercules
654 5084 769 5133 ulutatus
780 5086 822 5133 est.

1340 4610 1357 4658 5

1001 4685 1114 4734 Hercules
1120 4699 1177 4733 arcu
1187 4686 1299 4748 Scythico
1308 4688 1429 4751 nubatur,
1439 4702 1454 4737 a
1462 4690 1566 4738 Teutam
1575 4692 1664 4753 Scytha
1673 4694 1745 4755 sagit·

970 4760 1036 4808 tandi
1050 4764 1126 4810 artem
1138 4762 1245 4813 edoctus.

1347 4850 1372 4899 6.

1002 4928 1115 5013 llercules
1141 4931 1234 4978 statura
1259 4933 1312 4979 erat
1331 4932 1447 5000 quattuor
1469 4932 1607 4981 cubilorum
1628 4934 1744 4995 pedeque

971 5016 1049 5052 unrur.
