3834 5767
847 347 870 408 F
873 348 1096 411 RAGHEN'I'A.
1710 376 1770 428 ,m

176 490 278 536 runtur
291 497 353 552 quae
371 496 406 534 ex
423 479 483 551 ipso
502 478 677 552 Hieronymo
693 477 741 555 (ir.
766 501 776 536 1
791 481 833 556 a.)
847 483 882 536 ab
898 485 950 556 Ap·
1001 486 1107 557 tipatro
1119 495 1146 539 et
1156 486 1272 541 Cratero
1290 488 1326 543 de
1342 490 1473 545 Eumenis
1486 493 1625 562 exercitu,
1641 514 1703 567 quae
1723 500 1777 553 Eu·

175 569 262 640 piano
275 577 304 622 et
322 565 448 620 Lucieno
468 567 537 620 loeis
550 585 633 639 snpra
654 567 771 623 laudatis
792 569 952 624 referuntur
997 588 1091 624 menes
1104 571 1235 639 instituit,
1257 584 1290 626 ut
1306 576 1400 646 copias
1418 595 1480 630 suas
1497 579 1602 633 Crateri
1623 581 1770 637 adventum

178 653 188 727 ί
197 653 270 708 adde
281 652 402 709 Diodor.
414 653 526 722 XVIII,
541 652 557 706 3
571 671 577 707 :
593 651 819 712 Καππαδοκίαν...
835 653 951 720 Ἀλίξαν-
997 654 1102 710 celaret
1114 656 1200 729 (Plut.
1227 660 1307 711 Eum.
1323 660 1357 727 6;
1376 661 1497 716 Diodor.
1512 664 1621 733 XVIII,
1638 666 1708 740 ορ),
1723 669 1775 723 de-

178 741 236 815 δρος
249 739 298 796 οὐκ
311 738 421 806 ἐπῆλθεν
432 737 587 806 ἐκκλεισθεὶς
598 739 648 796 ὑπὸ
658 742 709 796 τῶν
721 742 829 817 καιρῶν,
842 739 884 798 ὅτε
901 741 951 797 διε·
998 742 1084 812 nique
1096 739 1131 796 de
1145 754 1236 798 morte
1245 745 1351 798 Crateri
1358 764 1420 817 qnae
1428 749 1504 820 apud
1513 750 1674 806 Diodorum
1682 755 1774 822 XVII,

175 823 285 898 πολίμει
296 821 360 901 πρὸς
372 820 496 902 Δαρεῖον)
512 845 546 881 ex
560 827 662 882 eodem
678 830 770 883 omnia
785 830 867 884 etiam
878 828 953 902 apud
1000 826 1047 894 30,
1064 828 1100 884 cs.
1120 827 1232 885 Cornel.
1249 832 1327 888 Eum.
1344 851 1371 888 c.
1384 839 1411 897 4.

175 912 335 967 Diodorum
348 923 475 984 repetere
485 931 543 966 non
555 914 672 986 amplius
679 914 828 973 dubitabis.
1037 916 1217 987 «Comparari
1226 935 1315 988 porro
1324 937 1416 991 operae
1421 925 1776 993 pretiumestPlutarchnm

220 1023 232 1050 α
248 1001 315 1054 Haec
327 987 419 1054 anterii
434 1017 489 1071 qua
501 998 558 1054 fide
576 1001 738 1057 tribuuntur
761 1005 951 1076 Hieronymo,
999 1020 1023 1054 c.
1035 1000 1053 1054 θ
1065 1013 1093 1055 ει
1103 1001 1263 1057 Diodorum
1272 1005 1366 1058 XVIII
1377 1005 1437 1076 ,37.
1450 1009 1501 1062 Ille
1510 1011 1584 1064 enim
1597 1031 1604 1065 ε
1616 1008 1685 1066 Ἀλλ’
1697 1013 1719 1067 εί
1729 1010 1778 1081 μὲν

176 1087 274 1143 eadem
291 1085 455 1160 abroganda
471 1088 497 1142 ei
510 1087 653 1154 ridentur,
668 1089 952 1162 qualeguntnrapud
998 1084 1062 1162 ἔφθη
1089 1085 1236 1163 Περδίκκας
1259 1087 1401 1163 πυθόμενος
1414 1089 1462 1160 τὴν
1486 1093 1621 1173 Κρατέρου
1644 1097 1776 1168 τελευτὴν,

175 1175 315 1229 Iustinum
327 1174 413 1241 XIII,
431 1173 472 1226 6:
499 1177 612 1228 Interea
627 1176 776 1229 Perdiccas
795 1187 850 1230 etc.
865 1195 953 1248 usque
999 1170 1089 1230 οὐκᾶν
1108 1172 1184 1238 ἄλλος
1198 1173 1344 1252 ἐπρώτευσε
1358 1176 1530 1236 Μακεδόνων·
1543 1187 1588 1239 νῦν
1601 1182 1625 1239 δ’
1645 1184 1776 1264 ἀνηρημέ-

175 1261 381 1333 adspectaculo
392 1257 564 1329 struerentur.
580 1262 693 1317 deita
711 1262 770 1316 baec
785 1263 867 1317 abeo
885 1265 954 1318 seri·
998 1281 1042 1320 νου
1055 1258 1201 1337 Περδίκκου
1212 1259 1280 1318 rard
1295 1260 1385 1319 στάσιν
1400 1265 1426 1321 έν
1437 1265 1564 1341 Αἷγιίπτω
1581 1268 1653 1327 δυσίν
1669 1250 1779 1349 ἡμέραις

158 1345 259 1420 ‘ptore
271 1346 479 1419 videntur,an
499 1347 640 1403 Perdiccae
653 1348 777 1403 infestior
788 1358 869 1417 esset,
891 1351 954 1404 ani·
998 1347 1123 1424 πρότερον
1138 1337 1200 1416 ἧκεν
1222 1338 1322 1412 ultori
1341 1350 1402 1429 περί
1424 1355 1469 1420 τῆς
1489 1324 1577 1431 μάχης
1596 1355 1671 1430 λόγος
1687 1327 1723 1424 λῖς
1744 1357 1775 1414 τὸ

175 1435 283 1506 misqne
311 1434 439 1505 inprimis
467 1433 682 1489 commovendis
707 1433 845 1502 studeret,
870 1453 954 1506 quam
1000 1424 1182 1502 στρατόπέδθν,
1203 1424 1323 1504 καὶπρὸς
1336 1427 1414 1504 ὀργὴν
1428 1427 1501 1496 etet<
1514 1436 1538 1488 οἱ
1559 1433 1708 1500 Μακεδόνες
1725 1435 1776 1493 θοί-

175 1521 324 1594 Phylarchi
343 1520 426 1575 luisse
444 1523 582 1576 rationem
595 1539 611 1575 e
626 1521 746 1594 Polybio
762 1532 877 1578 constat.
899 1523 953 1576 Ea·
1001 1523 1134 1576 νατοντοῦ
1159 1519 1289 1594 Εὐμένους
1301 1519 1478 1598 κατέγνωσαν.
1496 1529 1551 1584 Hic
1568 1527 1707 1586 εΜετδδὲ
1727 1527 1774 1598 τὴν

175 1609 241 1664 dem
250 1609 434 1680 discrepantia
451 1610 482 1662 in
499 1609 533 1663 iis
553 1609 701 1681 reperitur,
716 1627 777 1680 quae
795 1608 831 1663 de
843 1610 954 1678 Nicaeae,
1000 1603 1092 1663 τούτου
1109 1605 1230 1676 τελευτὴν
1242 1607 1313 1674 etet<
1336 1600 1399 1678 ἧκόν
1420 1633 1487 1677 τινες
1502 1612 1721 1690 ἀπαγγέλλοντες,
1736 1613 1777 1672 δτι

174 1696 316 1767 Antipatri
328 1693 410 1763 filiae,
425 1704 453 1748 et
467 1695 636 1766 Cleopatrae,
658 1694 811 1750 Alexandri
833 1696 953 1763 sororis,
1000 1691 1170 1770 reperdita<
1195 1695 1333 1768 γενομένης
1357 1696 1416 1774 περὶ
1445 1699 1638 1757 Καππαδοκίαν
1660 1701 1779 1776 Εὐμένης

174 1800 190 1836 a
214 1781 347 1836 Perdicca
369 1782 461 1854 petitis
487 1781 592 1854 nuptiis
614 1781 649 1836 ab
672 1793 794 1853 utroque
819 1783 955 1855 scriptore
1000 1777 1129 1851 νενίκηκε,
1153 1779 1287 1867 Κράτερος
1311 1780 1340 1838 δὲ
1364 1782 1409 1839 καί
1426 1782 1607 1860 Νεοπτόλεμος
1625 1786 1777 1858 ἡττηθέντες

175 1869 185 1942 (
193 1870 294 1924 lustin.
309 1869 396 1936 XIII,
409 1869 444 1936 63
459 1867 581 1922 Diodor.
596 1870 702 1942 XVIII,
719 1867 769 1938 αδ)
786 1869 953 1927 referuntur.
1000 1865 1151 1944 ἀνῄρηνται.
1164 1868 1248 1924 Τοῦτο
1261 1867 1284 1922 δ’
1296 1869 1319 1924 εί
1333 1868 1391 1925 δυσί
1410 1868 1533 1949 πρότερον
1545 1871 1656 1949 ἡμέραις
1677 1871 1778 1948 ἐγίνετο

174 1955 265 2010 Verba
275 1957 349 2010 enim
360 1955 479 2009 Iustini:
495 1955 582 2026 Quem
591 1955 683 2008 tlolttm
689 1961 886 2028 praesentiente
894 1960 955 2010 An·
1002 1955 1048 2021 τῆς
1063 1951 1207 2030 Περδίκκου
1221 1954 1356 2025 τελευτῆς,
1374 1954 1455 2021 οὐδεὶς
1469 1953 1500 2011 ἂν
1514 1956 1642 2031 ἐτολμησε
1662 1956 1709 2023 τδς
1720 1961 1777 2035 χεῖ-

175 2047 292 2114 tr'putm,
306 2043 370 2094 dum
380 2043 450 2094 ducis
465 2043 560 2096 eodem
582 2053 701 2115 tempore
718 2059 816 2096 uxores
835 2049 948 2115 quaerit,
1001 2061 1047 2117 ρας
1063 2038 1194 2117 Περδίκκα
1210 2044 1389 2116 προσενεγκεῖν
1403 2041 1446 2098 διὰ
1457 2041 1487 2099 τδ
1501 2042 1607 2119 μέγεθος
1624 2048 1670 2114 τῆς
1683 2047 1778 2119 εὐημε-

174 2142 299 2182 nentram
308 2126 429 2196 obtinuit,
441 2127 617 2182 nullomodo
627 2129 954 2184 conveniuntaDiodoro
1000 2126 1071 2204 ρίας·
1085 2131 1109 2184 oi
1123 2128 1145 2183 δ’
1159 2149 1204 2184 συν
1217 2127 1366 2193 Μακεδόνες
1378 2128 1517 2204 πιθόμενοι
1535 2129 1568 2186 cd
1584 2129 1644 2208 περὶ
1659 2132 1703 2187 τδν
1723 2133 1776 2191 Ei-

174 2217 299 2285 traditis,
314 2235 331 2271 a
352 2233 482 2290 quoquae
491 2227 649 2284 narrantur,
662 2215 710 2270 bic
723 2233 836 2287 quoquc
850 2217 879 2269 in
892 2233 954 2290 gra·
1000 2214 1078 2289 μένη,
1092 2214 1260 2290 κατέγνωσαν
1274 2217 1353 2272 αὐτοῦ
1363 2216 1482 2275 θάνατον.
1498 2221 1564 2274 Haec
1578 2222 1663 2293 igitur
1670 2221 1719 2275 ubi
1731 2222 1776 2275 in-

173 2307 241 2358 tiam
265 2305 351 2377 magis
363 2303 503 2358 Perdiccae
517 2302 591 2357 dicta
610 2313 688 2370 sunt,
703 2320 737 2356 eo
747 2305 830 2357 etiam
848 2305 954 2358 Hiero·
1000 2315 1042 2358 ter
1063 2322 1092 2359 se
1114 2315 1323 2376 comparantur,
1337 2315 1370 2358 ut
1392 2323 1427 2359 ex
1449 2305 1551 2360 eodem
1571 2306 1663 2375 ionte,
1680 2310 1718 2363 ita
1742 2327 1777 2363 ex

174 2392 252 2463 nymi
270 2392 408 2445 rationem
422 2389 584 2458 referentia,
600 2389 679 2461 quod
700 2407 748 2443 sua
765 2390 846 2444 simul
870 2392 954 2444 Anti·
999 2393 1173 2463 Hieronymo
1184 2389 1294 2459 fluxisse
1301 2391 1437 2446 credibile
1446 2402 1494 2450 est.

174 2497 251 2552 gono
272 2479 331 2532 laus
353 2478 486 2531 tribuitur
507 2472 596 2550 (Ὁδδ
626 2471 765 2548 Ἀντίγονος
788 2473 887 2532 συνέσει
909 2473 954 2532 καί
1039 2480 1128 2549 «Qua
1140 2477 1315 2532 machinatus
1325 2487 1366 2531 εει
1379 2481 1515 2534 Eumenes
1524 2474 1774 2553 post'interfectum

175 2563 261 2638 τόλμῃ
277 2560 403 2641 διαφέρων
413 2563 469 2619 κτλ.
480 2582 506 2619 c.
521 2559 583 2640 23).
998 2565 1230 2636 Neoptolemum,
1242 2564 1362 2618 maxime
1371 2576 1404 2618 ut
1414 2565 1515 2619 milites
1524 2567 1554 2619 in
1566 2565 1624 2621 fide
1637 2579 1775 2635 servaret,

217 2675 229 2700 ι
243 2653 364 2706 Multum
377 2669 442 2706 sane
455 2652 513 2705 haec
532 2651 647 2723 quaestio
661 2650 816 2720 juvaretur,
838 2652 860 2704 si
872 2652 953 2722 plura
998 2652 1074 2706 bello
1084 2670 1148 2705 eum
1162 2650 1305 2724 Antigono
1312 2651 1484 2718 imminente,
1497 2652 1643 2707 Diodorus
1651 2655 1777 2722 retInuit,

174 2739 311 2810 ejusmodi
321 2739 474 2811 fragmenta
482 2737 763 2808 exstarent,equibns
772 2735 953 2809 Hieronymo,
998 2736 1161 2793 Plutarchus
1170 2756 1195 2793 c.
1212 2739 1363 2791 8narravit
1381 2739 1510 2810 pluribus
1521 2749 1549 2793 et
1563 2757 1626 2794 cum
1645 2759 1680 2794 eo
1693 2742 1775 2794 Justi-

173 2843 236 2898 qnae
245 2835 292 2879 aut
304 2825 447 2880 Diodorus
461 2835 508 2880 aut
517 2826 680 2878 Plutarchus
688 2834 736 2878 aut
743 2824 789 2878 alii
797 2841 831 2877 ex
841 2841 874 2877 ευ
883 2825 952 2877 hau·
998 2843 1050 2878 nus
1062 2825 1144 2891 XIV,
1160 2825 1273 2893 1.Quos
1285 2823 1442 2877 notandum
1460 2825 1575 2896 quidem
1586 2828 1669 2879 estin
1683 2827 1777 2898 pleris

172 2913 434 2979 serunt,rindicare
447 2913 554 2968 liceret.
580 2913 643 2966 Iloc
657 2921 751 2964 autem
766 2912 788 2964 si
809 2927 874 2964 usos
891 2910 954 2964 illos
998 2929 1054 2982 que
1068 2911 1476 2979 consentire3nonitatamen,
1493 2912 1563 2983 quin
1578 2912 1659 2983 quod
1676 2913 1777 2966 inaliis

173 3002 230 3053 e'sse
244 3008 366 3067 constat,
386 2998 415 3052 id
435 3016 548 3071 quoque
561 2999 643 3052 statui
656 2995 765 3074 licebit,
779 2997 953 3068 Hieronymo
999 3015 1113 3071 quoque
1124 2997 1193 3051 locis
1206 2996 1389 3066 conjecimus,
1405 2999 1488 3052 etiam
1508 3000 1646 3058 hicsuum
1655 3010 1776 3071 uterque

173 3103 285 3158 eosprae
298 3087 396 3140 ceteris
409 3103 474 3140 usos
488 3101 559 3152 esse,
576 3083 690 3155 ejusque
705 3083 763 3137 iere
774 3084 886 3157 agnosci
901 3101 953 3138 re·
998 3083 1283 3152 auctorem,fortassc
1306 3084 1469 3138 Plutarchus
1482 3085 1701 3158 Hieronymum,
1726 3088 1777 3140 Iu-

172 3171 267 3245 stigia,
297 3172 345 3226 ubi
379 3172 465 3227 verba
494 3189 594 3226 eorum
619 3171 694 3224 inter
723 3187 752 3224 εε
781 3171 950 3242 conspirant.
997 3173 1084 3225 stinus
1106 3169 1294 3242 Phylarchum
1306 3171 1383 3241 sequi
1396 3171 1723 3242 potuerit.lihetoricam
1733 3189 1777 3228 ra·

174 3257 316 3328 Ejusmodi
330 3259 452 3313 locusde
469 3258 619 3313 certamine
641 3255 776 3329 singulari
793 3269 833 3313 est
850 3258 951 3312 Eume·
997 3261 1104 3313 tionem
1119 3258 1165 3311 hie
1179 3275 1295 3329 qnoque
1309 3258 1410 3312 Iustini
1422 3259 1510 3330 magis
1528 3277 1612 3330 quam
1635 3261 1776 3314 Plutarchi

173 3347 215 3399 nis
237 3355 265 3399 et
276 3345 455 3418 Neoptolemi
468 3344 545 3417 apud
562 3343 722 3399 Diodorum
737 3344 851 3412 XVIII,
868 3343 901 3397 31
926 3356 954 3399 et
998 3345 1176 3417 oratiosapit.
1186 3344 1434 3415 Retulitpraeterea
1443 3345 1513 3399 alter
1522 3365 1584 3417 quae
1592 3347 1662 3401 alter
1672 3349 1776 3419 omisit,

173 3433 314 3486 Plutarch.
338 3435 419 3486 Eum.
433 3451 460 3501 7.
996 3451 1090 3504 neque
1102 3431 1203 3486 eodem
1211 3441 1331 3501 uterque
1339 3430 1427 3485 modo
1436 3430 1568 3500 tradidit,
1579 3451 1641 3505 quae
1649 3433 1684 3487 ab
1694 3444 1776 3488 utro·

213 3542 224 3566 ι
233 3519 397 3573 Plutarchus
406 3521 481 3572 enim
490 3535 497 3575 τ
505 3514 562 3582 Tic
571 3514 644 3585 ἡνίας
654 3513 758 3595 ἀφέντες
768 3513 887 3584 αλλήλων
898 3515 954 3572 ἕπε.
998 3537 1054 3590 que
1062 3518 1164 3574 tradita
1174 3518 1255 3572 simul
1269 3527 1387 3574 exstant.
1428 3517 1533 3572 Contra
1543 3518 1663 3572 eundem
1672 3521 1774 3574 iterum

173 3601 363 3680 δράξαντοταῑς
374 3603 458 3681 χερσί.
473 3605 617 3661 Diodorus
631 3624 638 3658 ι
654 3606 720 3666 Ταῖς
733 3603 877 3680 ἀριστεραῖς
890 3623 953 3681 yep-
1002 3605 1144 3661 Plutarchi
1162 3614 1191 3659 et
1209 3603 1332 3659 Diodori
1349 3603 1455 3657 iontem
1471 3605 1607 3676 suspicari
1625 3605 1709 3672 licet,
1725 3605 1776 3659 ubi

174 3689 214 3746 σίν
229 3689 387 3769 δρέντεςτδς
398 3691 471 3760 ἡνίας
479 3690 600 3758 ἀλλήλων
610 3689 758 3767 ἐδράξαντο.
769 3692 932 3746 Plutarchus
944 3711 950 3745 ε
1002 3693 1037 3748 de
1049 3692 1125 3746 bello
1134 3692 1265 3746 Eumenis
1273 3700 1300 3744 et
1309 3690 1444 3762 Antigoni
1454 3707 1516 3761 quae
1526 3690 1650 3745 narravit
1658 3701 1778 3763 uterque

175 3766 240 3834 Εἶτα
255 3777 325 3850 ὁμὲν
340 3775 457 3852 Εὐμένης
473 3781 518 3833 τοῦ
531 3774 715 3849 Νεοπτολέμου
727 3773 952 3853 προεξανισταμέ-
1001 3797 1205 3852 comparamus.
1219 3777 1318 3833 Clades
1331 3795 1387 3848 qua
1401 3775 1574 3850 Antigonum
1586 3778 1725 3832 Eumenes
1735 3778 1776 3832 af·

174 3887 218 3922 νσυ
236 3861 282 3932 τλν
293 3862 382 3940 ἰγνύαν
393 3863 520 3941 θπίκοψεν
532 3862 608 3926 αὐτὸς
618 3863 653 3926 είς
667 3860 740 3938 ὀρθὸν
757 3859 857 3935 φθάσας
870 3884 952 3918 κατα·
1000 3867 1083 3936 ίευίι,
1096 3864 1275 3938 Apollonidis
1286 3862 1431 3933 cujusdam
1445 3863 1480 3917 ab
1493 3864 1637 3936 Antigono
1649 3866 1775 3936 corrupti

174 3955 274 4021 στῆναι.
289 3951 433 4007 Diodorus
449 3971 455 4005 :
470 3949 504 4007 Ὀ
518 3946 565 4024 μὲν
582 3947 699 4024 Εὐμένης
718 3945 813 4027 έρθασε
828 3946 952 4026 πρότερον
997 3944 1123 4025 perfidiae
1138 3951 1261 4024 (XVIII,
1278 3948 1333 4023 bo)
1352 3948 1497 4017 tribuitur,
1517 3967 1602 4021 quem
1618 3949 1775 4024 intelligere

174 4035 328 4106 inaruerit,
344 4041 390 4093 τοῦ
404 4036 591 4111 Νεοπτολέμου
614 4032 684 4112 ίγνθν
701 4033 827 4102 πατάξας.
843 4038 953 4092 Plutar-
997 4041 1110 4094 videtur
1125 4039 1287 4093 Plutarchus
1300 4055 1325 4094 c.
1340 4052 1379 4108 9:
1394 4032 1511 4103 ἡττηθείς
1525 4033 1569 4089 ὑπ’
1580 4032 1723 4108 Ἀντιγόναυ
1734 4034 1776 4091 διδ

174 4129 261 4183 chus:
279 4125 394 4198 Πληγελς
407 4124 433 4180 δὲ
448 4123 520 4202 παρὰ
534 4122 578 4180 τὸν
598 4121 728 4202 τράχηλον
749 4125 824 4179 ἔπεσε
843 4123 886 4178 καί
900 4145 951 4178 πα·
999 4121 1139 4201 προδοσίαν
1157 4123 1215 4180 κτλ.
1237 4124 1413 4178 Omittuntur
1431 4140 1500 4176 vero
1520 4120 1596 4193 apud
1616 4121 1776 4176 Diodorum

174 4211 253 4290 ρείθη.
268 4209 604 4286 ΒίοθοτυεεὉΕθμίνης
616 4207 735 4286 δευτέραν
745 4206 847 4284 πληγὴν
857 4209 952 4266 iniria
999 4231 1023 4268 e.
1045 4219 1082 4276 ιο
1101 4229 1163 4282 qua
1178 4213 1207 4264 in
1229 4210 1294 4283 fuga
1314 4211 1466 4275 Eumenes,
1486 4208 1554 4262 dum
1572 4209 1666 4281 copias
1682 4226 1776 4264 secum

173 4296 302 4376 τράχηλον
312 4293 450 4372 ἐπενέγκας
462 4296 596 4354 ἀπέκτεινε
610 4295 653 4353 τὀν
662 4296 853 4371 Νεοπτόλεμον.
865 4301 898 4351 In
912 4299 954 4352 his
997 4299 1114 4352 haberet
1124 4337 1131 4364 ,
1141 4298 1315 4351 machinatus
1324 4305 1380 4368 est„
1393 4306 1421 4348 et
1434 4297 1525 4349 omitti
1535 4305 1668 4366 poterant
1676 4315 1693 4350 a
1704 4297 1773 4350 Dio·

173 4398 265 4442 autem
279 4391 337 4459 tyni,
346 4387 513 4458 Hieronymi
525 4385 600 4458 apud
620 4375 771 4456 utrumque
788 4387 953 4456 scriptorem
999 4384 1087 4450 doro,
1104 4403 1191 4455 quum
1203 4383 1238 4436 ad
1257 4381 1388 4436 Eumenis
1402 4383 1490 4454 magis
1501 4381 1680 4436 calliditatem
1690 4401 1775 4454 quam

172 4491 236 4527 usus
250 4485 305 4541 est,
327 4478 357 4530 in
376 4475 409 4527 iis
420 4475 504 4528 etiam
524 4491 580 4526 esse
600 4471 721 4537 ridetur,
743 4489 805 4542 quae
823 4471 858 4524 de
877 4471 953 4525 bcllo
998 4472 1034 4525 ad
1045 4489 1139 4524 renim
1149 4479 1287 4542 gestamm
1297 4470 1435 4524 rationem
1441 4479 1469 4522 et
1478 4486 1580 4522 nexum
1587 4471 1775 4540 pertinerent3

172 4561 227 4614 hoe
238 4559 368 4617 Eumenis
379 4561 475 4635 paullo
489 4571 552 4613 ante
568 4571 727 4614 narrantur.
743 4561 783 4612 De
795 4577 852 4630 quo
866 4578 954 4631 quum
999 4558 1174 4613 eadcm'vero
1189 4556 1224 4611 de
1236 4574 1317 4610 causa
1327 4557 1418 4610 omitti
1427 4557 1475 4610 rin
1484 4564 1617 4627 poterant
1627 4556 1662 4609 ab
1673 4557 1774 4610 Hiero-

173 4647 313 4701 Plutarchi
332 4659 416 4718 atquc
428 4647 545 4717 Nepotis
555 4646 654 4717 passim
672 4645 814 4715 copiosior
830 4646 953 4698 narratio
998 4661 1101 4714 aymo,
1116 4661 1202 4714 quem
1219 4642 1368 4713 probabile
1382 4653 1423 4696 est
1438 4644 1468 4695 in
1482 4643 1527 4708 iis,
1544 4659 1605 4712 quae
1617 4641 1653 4695 ad
1669 4641 1773 4696 Eume·
1819 4693 1822 4699 .

172 4735 220 4800 sit,
232 4735 259 4788 hi
271 4752 387 4807 quoque
398 4734 507 4806 plenius
518 4749 721 4803 nonnunquam
733 4731 838 4784 referre
848 4733 953 4784 Hiero·
999 4749 1063 4783 nem
1078 4731 1216 4795 facerent,
1227 4728 1354 4800 inprimis
1363 4730 1508 4802 copiosum
1519 4727 1611 4782 fuisse.
1623 4728 1774 4798 Quariates

173 4839 287 4891 nymum
300 4821 440 4874 ridentur.
454 4821 517 4890 Quo
527 4821 669 4891 pertinent
682 4835 744 4889 qua·
762 4817 797 4870 de
809 4817 954 4870 conditio-
998 4816 1157 4871 Diodorum
1170 4817 1283 4882 XVIII,
1301 4822 1334 4880 θι
1353 4817 1415 4870 init.
1432 4826 1461 4870 et
1474 4816 1653 4868 Plutarchum
1672 4813 1770 4886 (Eum.

172 4908 255 4960 nibus
266 4909 302 4962 ab
324 4909 472 4980 Antipatro
487 4905 641 4977 propositis
651 4904 770 4956 Eumeni
791 4903 953 4973 produntur
1000 4923 1023 4959 e.
1042 4903 1095 4975 ιο)
1111 4904 1242 4957 dissensio
1256 4913 1309 4971 est,
1322 4921 1443 4974 quorum
1454 4903 1502 4955 ille
1513 4903 1664 4955 Eumenem
1678 4911 1773 4953 narrat

173 5013 187 5048 a
206 4995 356 5048 Plutarcho
375 5013 400 5050 e.
419 4993 451 5060 5,
474 4993 509 5046 de
532 4991 634 5063 quibus
647 4989 721 5061 apud
739 4989 897 5043 Iliodorum
919 5009 954 5044 ue
999 4992 1088 5062 ipsum
1101 4990 1245 5043 hortatum
1258 5007 1314 5044 esse
1327 4990 1464 5061 plurimos
1473 4989 1591 5040 militnm
1602 4995 1632 5038 ut
1652 4985 1771 5039 decede·

174 5081 291 5136 terbum
305 5081 434 5153 quidem,
449 5097 509 5152 quse
522 5077 669 5151 praetendit
681 5077 880 5149 Neoptolemus
896 5081 951 5130 An·
1004 5086 1076 5142 erut,
1085 5076 1129 5128 hic
1139 5094 1187 5128 eos
1199 5075 1328 5128 deiecisse
1338 5074 1374 5127 ad
1388 5077 1570 5146 Antigonum,
1587 5072 1773 5142 tollitur-quo·
