3834 5767
173 326 228 380 2⁰⁴
328 311 330 318 '
747 300 981 368 Hsuxcttuss
1000 306 1196 367 Ponticus.

173 444 308 502 nonnulla
322 461 420 499 eorum
434 450 496 515 que
516 439 551 495 de
567 437 721 495 Periandro
736 447 885 492 narrantur
900 439 947 491 iis·
992 439 1041 492 bas
1051 439 1123 492 ratio
1136 434 1231 492 delicit
1241 447 1340 510 estque,
1351 455 1385 491 eo
1407 435 1549 491 difficilius
1556 437 1715 510 procedere
1726 439 1776 493 ul·

176 534 242 588 dem
263 532 320 586 t‘ere
333 529 425 584 verbis
440 529 580 600 Diogenes
595 524 719 580 Laertius
739 523 825 578 refert
842 523 948 578 addens
993 525 1094 592 terius,
1107 525 1173 596 quia
1181 523 1276 577 multae
1287 522 1419 596 dynastiae
1430 535 1613 580 evanuerunt.
1627 524 1696 581 Hihi
1709 545 1773 598 quae
1887 548 1888 577 3

176 614 243 673 καθά
260 635 337 692 φησιν
355 607 469 690 ’Epopea
489 609 534 668 καὶ
554 605 742 686 Ἀριστοτέλης.
764 641 803 650 -
824 611 868 665 Fr.
884 627 912 678 7,
929 609 945 664 3
992 612 1057 666 sciri
1074 621 1232 684 nequeunt,
1253 628 1290 665 ne
1310 611 1441 665 sciscitari
1459 608 1575 682 quidem
1588 613 1697 684 volupe
1714 625 1772 685 est3

176 705 305 769 historia,
320 719 375 774 qua
390 702 470 773 origo
486 697 636 752 locutionis
653 696 840 768 proverbialis
854 699 948 751 ἀποαε·
993 707 1102 753 tantum
1128 697 1239 765 dicam,
1269 697 1329 751 nisi·
1350 698 1413 770 quis
1441 698 1546 753 eruerit
1578 700 1774 754 Aristoteliam

178 787 270 865 κόρθαι
294 783 408 860 Ττιτδῖιρ
429 781 533 840 πελέκει
553 784 717 849 illustratur,
743 781 844 837 eodem
865 783 948 853 plane
995 784 1139 852 ordinem,
1152 783 1308 838 cavendum
1321 800 1392 851 esse,
1411 800 1447 837 ne
1464 782 1660 839 Heraclidem
1671 787 1775 840 seriem

177 873 265 928 ntodo
280 891 313 929 ex
331 872 478 928 Aristotele
497 869 548 943 (ir.
567 867 638 944 τρο)
653 869 777 924 ailertur.
791 899 831 911 -
844 870 891 926 Fr.
915 886 949 922 ro
993 888 1046 943 per
1054 871 1235 924 temeritatem
1243 871 1570 942 excerptorumritiatam
1578 873 1743 943 opinemur.
1759 897 1772 921 ι
1887 894 1888 907 ι

178 978 239 1031 qnae
251 961 381 1032 leguntur
388 958 424 1012 de
431 955 672 1012 Saminominibus
682 955 792 1027 priscis,
804 954 840 1008 de
849 957 951 1009 Ancaeo
1034 956 1117 1012 Vides
1130 966 1305 1029 quantopere
1316 954 1352 1010 de
1363 955 1460 1010 libello
1469 967 1567 1011 nostro
1573 957 1684 1027 judicia
1695 959 1775 1013 viro·
1887 970 1888 999 l

141 1109 149 1118 ¹
179 1056 207 1099 et
218 1045 253 1100 de
265 1045 325 1099 alba
335 1044 500 1112 hirundine,
513 1042 611 1097 eadem
622 1043 752 1096 novimus
761 1059 794 1095 ex
804 1041 952 1096 Aristotele
995 1061 1059 1097 nrm
1072 1041 1223 1096 doctomm
1236 1041 1403 1113 discrepent.
1426 1043 1533 1096 Eorum
1553 1044 1703 1115 opinioni,
1723 1047 1772 1116 qui

179 1132 214 1186 sr.
232 1131 284 1199 175
300 1141 326 1186 et
341 1131 405 1200 176.
418 1161 457 1171 —
469 1131 517 1185 Fr.
535 1136 569 1198 4,
585 1148 610 1186 ι.
625 1131 667 1184 De
682 1129 763 1182 Batto
782 1129 953 1200 Cyrenarum
996 1130 1150 1202 fragmenta
1168 1145 1204 1182 ex
1217 1128 1410 1201 geographicis
1423 1129 1502 1182 libus
1521 1129 1640 1183 collecta
1653 1141 1774 1202 putant,

125 1211 134 1228 “
179 1217 327 1272 conditore
342 1217 629 1286 Aristotelesquoque
642 1211 714 1267 dixit
727 1213 762 1269 l'r.
777 1213 951 1271 aod—Fr.
996 1233 1055 1268 non
1079 1223 1121 1267 est
1146 1231 1198 1267 cur
1216 1215 1408 1268 immoremur.
1434 1215 1536 1269 Utrum
1559 1233 1628 1269 vero
1657 1234 1694 1270 ex
1715 1235 1775 1271 uno

183 1303 217 1358 16
240 1321 302 1375 quae
323 1302 358 1357 de
377 1300 587 1374 Tyrrhenorum
608 1299 718 1354 luxuria
736 1309 815 1368 sunt,
831 1299 954 1353 narrarit
996 1300 1153 1371 eodemque
1173 1299 1336 1353 Politiarum
1355 1301 1493 1372 scriptore
1511 1302 1607 1355 omnia
1619 1298 1772 1371 fluxerint,

180 1391 341 1446 Aristoteles
362 1387 396 1444 t'r.
416 1387 472 1451 246
493 1387 523 1439 in
541 1385 684 1462 Τυρρηνῶν
703 1383 888 1457 νομίμοις.-
905 1386 951 1442 Fr.
996 1406 1033 1441 an
1046 1405 1081 1441 ex
1102 1384 1228 1453 duobus,
1252 1387 1400 1440 Aristotele
1413 1396 1442 1440 et
1464 1385 1614 1441 Heraclide
1634 1388 1775 1455 Pontico,

181 1477 234 1544 38,
249 1495 260 1529 1
271 1475 307 1529 de
318 1473 441 1547 Cephalo
451 1472 653 1526 historiuncula
660 1469 740 1527 fluxit
751 1489 785 1526 cx
796 1472 952 1528 Aristotele.
996 1474 1041 1528 vel
1054 1474 1137 1527 etiam
1151 1489 1186 1525 ex
1202 1472 1409 1545 compluribus,
1429 1472 1532 1545 eclogae
1552 1475 1773 1546 congestarum,

180 1595 219 1605 -
238 1565 285 1618 Fr.
301 1579 337 1615 aa
361 1562 411 1632 qui
429 1559 546 1614 affertur
565 1575 659 1618 versus
673 1557 851 1613 Simonidem
867 1559 955 1612 exstat
997 1560 1028 1614 id
1038 1558 1380 1631 saneiudisceptationem
1392 1557 1488 1613 venire
1496 1568 1600 1632 potest.
1611 1560 1686 1613 Nam
1695 1561 1776 1632 quod

181 1651 264 1704 etiam
280 1646 355 1720 apud
367 1646 544 1702 Aristotelem
556 1645 585 1698 in
599 1645 717 1699 Rhetor.
733 1646 792 1713 111,
809 1662 838 1699 a.
853 1646 951 1700 -Fe
998 1645 1227 1700 Schneidewiuus
1245 1663 1299 1716 pro
1311 1645 1459 1716 explorato
1473 1646 1556 1716 ponit
1569 1643 1776 1714 confidentius,
1887 1682 1888 1729 ρ

148 1730 152 1740 '
182 1735 428 1788 asirrsoribiturin
441 1730 525 1785 codd.
541 1726 720 1808 Σαμοθρᾴκῃ,
735 1749 794 1784 non
812 1731 954 1806 Σαμοθρρ-
984 1732 1029 1803 Ιἰιλ
1043 1733 1273 1804 circumspectior
1286 1730 1386 1802 aliquis
1395 1732 1506 1785 nonnisi
1515 1732 1575 1785 reri
1584 1732 1778 1787 similitudinis
1887 1738 1888 1763 r

182 1822 245 1876 κῶν.
258 1812 955 1894 8ο1ιιιοίᾶσιοίιιιοοοεροοιιὶῐΣαμοθρᾴκης,ι]ιιοιιίαιιι
998 1819 1120 1890 speciem
1137 1837 1194 1890 prae
1214 1835 1242 1872 se
1262 1818 1336 1872 serre
1357 1816 1470 1871 dixerit.
1492 1817 1647 1891 Complura
1673 1823 1778 1873 nostris

182 1906 344 1961 Aristoteles
363 1903 419 1978 (fr.
438 1923 488 1973 171
505 1903 514 1978 )
529 1903 555 1958 ἐν
573 1897 746 1980 Σαμοθρᾴκης
763 1900 880 1978 πολιτείᾳ
895 1904 955 1958 lau·
998 1907 1086 1959 inesse
1100 1923 1162 1977 quae
1176 1905 1316 1960 Aristoteli
1331 1903 1497 1971 debeantur,
1511 1905 1542 1957 in
1552 1907 1710 1977 propatulo
1722 1918 1776 1976 est,

186 1993 273 2048 datur
287 1991 363 2064 apud
376 1991 463 2046 schol.
478 1991 573 2064 Apoll.
587 1991 643 2045 Rh.
657 1992 684 2058 1,
697 2007 763 2068 9¹7·
775 2021 814 2031 —
827 1991 956 2062 Denique
999 2009 1092 2063 neque
1105 1994 1251 2064 quisquam
1262 1990 1383 2063 negarit.
1396 1991 1441 2045 Sic
1449 1990 1577 2044 historias
1586 1989 1623 2044 de
1633 1990 1778 2046 Tenedio-

184 2081 384 2158 Aphytaeorum
408 2076 463 2154 (fr.
484 2077 540 2151 39)
567 2087 595 2132 et
614 2077 787 2150 Argiliorum
816 2076 873 2150 (τί.
896 2076 951 2151 ha)
999 2095 1063 2132 rum
1081 2095 1148 2150 rege
1163 2076 1214 2150 (fr.
1238 2077 1274 2150 ρ)
1290 2087 1318 2130 et
1339 2075 1376 2129 de
1394 2077 1501 2130 Arcisio
1526 2075 1579 2148 (fr.
1596 2075 1648 2142 38)
1667 2087 1778 2131 tantum

183 2167 307 2220 civitates
322 2165 445 2219 Thraciae
466 2166 529 2218 satis
552 2163 679 2218 obscurae
694 2181 745 2216 cur
764 2172 956 2217 memorentur
999 2181 1060 2216 non
1078 2158 1177 2216 iisdem
1190 2162 1283 2215 verbis
1302 2179 1336 2215 ex
1352 2162 1501 2216 Aristotele
1521 2162 1607 2216 refert
1619 2163 1779 2235 Stephanus

182 2253 212 2306 in
227 2261 321 2306 nostro
335 2251 431 2305 libello
442 2251 522 2304 facile
536 2249 652 2322 intelligi
661 2259 766 2316 monet,
781 2249 805 2302 si
816 2258 957 2302 teneamus
999 2250 1154 2321 Byzantius.
1171 2249 1308 2302 Praeterea
1324 2265 1386 2319 quae
1397 2249 1428 2300 in
1447 2247 1605 2302 Samiorum
1617 2250 1722 2320 politia
1736 2252 1779 2304 le-

183 2357 240 2394 esse
250 2339 402 2412 fragmenta
415 2336 585 2405 Aristotelis,
596 2337 717 2390 hominis
725 2337 868 2410 Stagirites.
1000 2347 1115 2410 guntur,
1131 2337 1199 2390 item
1219 2354 1255 2390 ex
1276 2335 1426 2390 Aristotele
1441 2335 1579 2406 exscripta
1595 2352 1654 2389 esse
1666 2336 1778 2407 proba-

224 2426 273 2480 His
291 2426 376 2498 igitur
398 2425 566 2478 enumeratis
584 2423 678 2495 pergit
700 2421 954 2477 Schneidewinus:
1000 2423 1057 2477 bile
1077 2432 1135 2496 est3
1156 2439 1326 2494 quamquam
1345 2421 1390 2474 vel
1410 2421 1466 2474 boc
1487 2422 1579 2474 minus
1598 2420 1780 2477 confidenter

188 2537 199 2560 a
214 2513 290 2584 Ergo
312 2528 366 2582 pro
385 2509 533 2581 explorato
547 2507 683 2562 habeatur
696 2509 847 2564 Aristotelii
864 2508 958 2580 operis
1001 2508 1137 2576 dixerim,
1152 2508 1287 2580 quoniam
1299 2509 1364 2561 satis
1377 2507 1467 2578 liquet
1484 2506 1592 2562 sontem
1604 2524 1708 2562 eorum
1722 2527 1780 2564 esse

183 2599 232 2653 has
243 2615 299 2652 esse
311 2596 457 2666 reliquias,
472 2611 582 2648 mancas
596 2593 656 2647 illas
668 2593 784 2665 quidem
800 2596 894 2649 multis
908 2613 958 2648 no·
1001 2595 1121 2650 Amtales
1133 2595 1273 2668 Eugeonis
1285 2593 1388 2661 Samii,
1403 2595 1454 2665 qui
1473 2594 1629 2648 communis
1643 2597 1779 2668 complu·

184 2685 323 2751 minibus,
336 2692 364 2736 et
384 2681 406 2735 si
418 2679 454 2734 ad
466 2696 628 2752 generosam
645 2680 805 2752 prosapiam
825 2698 955 2753 respexe·
1000 2683 1076 2736 rium
1084 2681 1344 2753 somessepoterat.
1354 2677 1438 2734 Haud
1446 2680 1560 2750 majoris
1568 2683 1708 2736 momenti
1715 2693 1780 2736 sunt

185 2771 236 2837 ris,
245 2769 367 2835 frivolas,
377 2765 426 2821 sed
439 2776 471 2818 ut
480 2764 515 2818 de
527 2764 645 2837 pristino
654 2763 757 2820 decore
768 2783 827 2820 non
838 2765 959 2821 absurda
1001 2785 1064 2840 quae
1077 2768 1114 2823 de
1134 2767 1289 2824 Periandro
1301 2765 1377 2839 apud
1395 2767 1530 2821 Nostrum
1549 2777 1578 2822 et
1596 2768 1781 2823 Aristotelem
1887 2780 1888 2783 ’

184 2856 272 2926 possit
288 2853 350 2924 oapi
364 2850 538 2922 conjectura,
551 2859 579 2905 et
590 2849 672 2904 nobis
684 2867 746 2905 sero
756 2852 864 2906 natisin
877 2853 957 2906 lucro
1002 2855 1142 2928 leguntur.
1166 2856 1238 2908 Nam
1259 2853 1358 2908 eadem
1376 2854 1501 2907 narrarit
1521 2853 1668 2925 Ephorus,
1691 2873 1778 2926 quent

185 2938 376 3012 deputandum
387 2938 436 3004 sit,
451 2935 500 2989 has
514 2944 606 2990 tamen
615 2937 735 3009 guttulas
749 2955 783 2992 ex
796 2938 957 2992 Aristotelio
1000 2958 1057 2994 una
1084 2959 1148 2994 cnm
1173 2940 1321 2995 Aristotele
1345 2937 1442 2992 laudat
1465 2929 1606 3011 Diogefses
1635 2941 1778 2994 Laertius.

185 3043 291 3081 occano
303 3039 452 3096 superesse.
466 3023 615 3077 Pristinum
624 3021 709 3077 decus
718 3040 806 3094 quum
815 3021 958 3096 dico,qui
1002 3028 1110 3098 Ephori
1124 3036 1217 3080 autern
1231 3025 1422 3080 narrationem
1432 3024 1517 3078 etiam
1527 3026 1558 3077 in
1568 3025 1629 3078 aliis
1646 3027 1780 3080 Heracli·
1811 3061 1814 3067 ·

186 3109 377 3165 Aristotelium
391 3107 549 3180 exemplum
563 3108 726 3180 expressisse
750 3118 877 3180 repertus
900 3120 957 3177 est,
1003 3110 1061 3166 deis
1074 3113 1257 3186 agnoscimus.
1271 3111 1317 3165 Sic
1329 3127 1391 3182 quae
1401 3111 1432 3162 in
1442 3109 1614 3164 Cretensium
1631 3112 1781 3183 republica

187 3213 264 3264 eum,
277 3195 329 3250 nisi
347 3193 417 3266 quid
434 3203 532 3248 contra
550 3191 639 3263 dicat,
658 3211 711 3266 par
731 3205 772 3248 est
787 3193 902 3249 credere
922 3193 960 3249 ad
1001 3198 1133 3271 legrmtur
1146 3215 1211 3251 cum
1225 3198 1258 3252 iis
1274 3214 1336 3269 que
1349 3213 1385 3250 ex
1395 3195 1512 3268 Ephoro
1533 3193 1658 3270 (fast)
1673 3199 1780 3252 Strabo
1887 3202 1888 3223 ¹

188 3293 331 3336 auctorem
353 3297 434 3333 suum
451 3280 490 3334 ita
514 3297 571 3334 sese
592 3279 830 3347 accommodasse,
850 3290 960 3335 utnon
1001 3283 1102 3351 refert,
1125 3285 1229 3337 mirum
1243 3283 1274 3336 in
1288 3281 1406 3336 modum
1425 3283 1589 3339 concinunt.
1612 3284 1655 3338 Ex
1674 3284 1780 3340 eodem
1887 3316 1889 3329 ι

188 3379 292 3422 temere
301 3367 422 3420 nativam
432 3365 524 3439 operis
532 3383 698 3439 compagem
707 3365 858 3436 disjiceret.
870 3367 960 3440 igitur
1002 3369 1080 3424 sonte
1092 3387 1124 3424 ea
1134 3367 1334 3440 duxerintque
1343 3366 1380 3422 de
1389 3369 1520 3442 Lycurgo
1527 3365 1653 3444 αρυστίας
1660 3383 1782 3427 auctore

189 3456 237 3526 qui
253 3453 383 3507 ordinem
397 3453 540 3507 civitatum
551 3451 625 3524 apud
640 3451 816 3508 Heraclidem
828 3451 960 3506 mirabili·
1002 3456 1077 3530 apud
1092 3457 1377 3523 Neutrumnotantnr,
1386 3455 1636 3528 praesertimquum
1645 3458 1782 3513 Iacedae-

188 3551 230 3596 ter
242 3539 388 3595 confusum
401 3538 543 3609 dictitant,
559 3539 580 3593 ii
592 3538 779 3613 reputabunt,
796 3537 865 3610 quid
878 3555 958 3592 secu-
1002 3543 1164 3597 moniorum
1175 3542 1299 3596 instituta
1308 3542 1402 3597 omnia
1411 3542 1457 3595 rel
1467 3551 1542 3596 certe
1556 3543 1640 3615 longe
1653 3543 1781 3615 plurima
1887 3580 1888 3629 ρ

189 3639 232 3682 tus
245 3629 280 3681 sit
300 3626 462 3682 Aristoteles
473 3627 547 3698 ipse,
562 3626 690 3679 universe
702 3623 816 3697 quidem
834 3635 960 3679 constare
1003 3629 1039 3684 ad
1056 3632 1217 3702 Lycurgum
1231 3629 1318 3683 relata
1339 3626 1375 3682 ab
1393 3627 1510 3699 Ephoro
1523 3645 1580 3682 esse
1593 3627 1660 3684 inde
1684 3641 1780 3704 patet,
1887 3632 1888 3659 ³

189 3715 364 3787 (accepimus
375 3713 449 3768 enim
461 3712 638 3768 Aristotelem
648 3729 772 3766 seorsum
784 3711 961 3766 collocavisse
1004 3714 1083 3788 quod
1100 3715 1231 3787 Ephorus
1254 3712 1307 3785 (ir.
1320 3712 1374 3786 to)
1396 3714 1587 3782 Hellanicum,
1607 3725 1642 3768 ut
1661 3719 1714 3788 qui
1734 3735 1781 3773 se-

188 3801 310 3856 civitates
321 3794 718 3874 δημοιιρατικᾶς,ὀλιγαρχικάς,
731 3794 958 3875 ἀριστοκρατικοῖς,
979 3839 984 3865 .
1004 3819 1052 3880 cus
1061 3800 1372 3873 lecerit,reprehendit.
1382 3800 1511 3873 Denique
1520 3801 1650 3873 Ephoms
1657 3805 1782 3858 maxime

187 3883 347 3965 τυραννικός.
363 3882 397 3938 V.
412 3886 494 3959 Diog.
514 3887 548 3939 L.
564 3886 598 3953 V,
619 3902 667 3954 ορ,
684 3886 749 3939 coll.
772 3885 826 3938 Vit.
847 3886 957 3958 Menag.
1003 3888 1097 3941 notari
1111 3886 1224 3941 ridetur
1237 3885 1273 3940 l'r.
1288 3905 1305 3940 a
1323 3887 1386 3940 init.
1400 3886 1496 3942 verbis
1509 3906 1517 3940 τ
1532 3883 1590 3954 Τὴν
1608 3888 1781 3963 Λακεδαιμο-

187 3991 216 4044 p.
231 3979 284 4036 lol
297 4013 305 4041 ,
316 3971 355 4028 68
366 3973 515 4026 Westerm.
526 3970 550 4043 );
567 3970 617 4028 sed
630 3969 702 4026 illud
712 3985 772 4025 non
789 3988 867 4042 aeque
883 3989 961 4024 com·
1004 3970 1065 4027 νίων
1083 3970 1218 4028 πολιτείαν
1232 3970 1299 4035 τινὲς
1312 3969 1455 4048 Λυκούργῳ
1467 3971 1661 4050 προσάπτουσιν
1675 3983 1780 4032 πᾶσιν.

188 4071 299 4132 portum
318 4069 359 4113 est
378 4057 414 4112 ad
432 4057 575 4128 cujusnam
595 4059 682 4111 atatis
701 4068 803 4112 statum
820 4058 962 4111 civitatum
1004 4059 1110 4129 Quidni
1120 4060 1207 4133 igitur
1220 4059 1381 4116 Heraclides
1397 4060 1456 4114 haec
1470 4079 1505 4116 ex
1517 4062 1578 4134 ipso
1596 4063 1729 4135 Ephoro,
1745 4067 1781 4119 si·
1887 4100 1888 4109 .

189 4145 324 4201 direxerit
329 4143 476 4216 judicium,
486 4163 577 4198 suaene
589 4163 625 4206 an
633 4145 799 4216 superioris,
809 4153 852 4212 et,
863 4144 886 4197 si
894 4143 961 4209 hoc,
1005 4146 1063 4200 cuti
1072 4145 1364 4214 Aristoteles,haurire
1372 4147 1483 4219 potuit?
1493 4148 1556 4203 Alia
1565 4148 1689 4220 denique
1700 4167 1782 4204 eom-

189 4233 227 4288 ad
242 4231 330 4303 cujus.
347 4233 395 4286 Est
415 4230 470 4284 hoc
490 4241 581 4285 totum
600 4230 751 4284 obscmum
769 4230 918 4302 multisque
936 4241 965 4284 et
1005 4231 1087 4304 plura
1099 4231 1237 4302 ejusmodi
1249 4243 1329 4300 sunt,
1347 4243 1380 4287 ut
1392 4250 1476 4288 nemo
1487 4235 1576 4304 ullus,
1596 4235 1647 4306 qui
1665 4236 1782 4290 Potitia
1887 4250 1888 4303 j

191 4319 313 4392 magnis,
326 4318 349 4371 si
369 4333 429 4371 rem
445 4326 569 4370 scrutere
589 4315 730 4384 subtilius,
754 4315 875 4370 obsitum
892 4313 964 4368 disti-
1006 4319 1182 4373 conscribere
1192 4317 1407 4392 aggrederetur,
1418 4321 1547 4375 omittere
1559 4339 1591 4375 οι
1600 4332 1703 4392 posset.
1716 4323 1781 4391 Quo
1887 4330 1888 4375 ἑ

191 4403 354 4472 cultatibus,
374 4402 426 4455 nisi
444 4401 516 4455 sorte
531 4403 609 4456 vanis
629 4400 796 4472 conjecturis
817 4399 965 4474 indulgere
1006 4406 1148 4477 pertinent
1160 4405 1240 4478 quod
1260 4405 1292 4460 in
1308 4407 1519 4461 Atheniensium
1535 4407 1635 4479 politia
1655 4408 1732 4461 lonis
1745 4406 1782 4460 ab
1887 4386 1888 4447 l

192 4491 269 4545 melli
280 4501 330 4546 est.
344 4488 389 4544 Ab
403 4488 613 4543 Atheniensium
627 4487 744 4560 quidem
758 4489 868 4542 civitate
882 4506 964 4542 exor·
1007 4493 1077 4546 Ione
1096 4479 1201 4546 riomen
1220 4491 1325 4547 habere
1338 4493 1482 4561 dicunttu,
1497 4492 1578 4564 quod
1597 4493 1628 4546 in
1646 4492 1782 4548 tacedae-
1887 4498 1888 4523 l

191 4597 251 4633 sum
264 4575 438 4634 Aristotelem
451 4575 621 4630 crediderim
633 4587 662 4630 et
672 4577 777 4648 ipsum3
791 4577 897 4648 pariter
905 4594 965 4630 non
1007 4579 1184 4646 moniorum,
1207 4580 1381 4634 Cretensium
1407 4589 1436 4634 et
1458 4578 1656 4652 Cyrenaeorum
1676 4580 1783 4633 Politiis
1887 4632 1888 4653 ρ

192 4664 326 4718 absonum
354 4660 437 4715 luerit
460 4670 596 4730 statuere,
624 4661 661 4717 ad
689 4661 965 4718 Lacedaemoniorum
1007 4664 1178 4736 Terpandri,
1196 4666 1306 4727 Minois,
1319 4677 1349 4720 et
1368 4666 1441 4720 Batti
1462 4667 1568 4720 mentio
1586 4662 1629 4720 lit.
1645 4666 1782 4719 Praeterea
1887 4658 1888 4709 l

192 4750 364 4824 perrexisse,
379 4747 630 4802 aristocraticarum
649 4748 851 4804 nobilissimam
866 4751 966 4804 urbem
1007 4769 1067 4804 non
1083 4750 1161 4805 deest
1171 4751 1266 4818 locus,
1278 4751 1330 4806 uhi
1340 4751 1503 4806 Heraclides
1516 4751 1552 4806 ab
1565 4751 1715 4806 Aristotele
1726 4751 1782 4804 dis·

194 4856 257 4892 cum
278 4835 530 4891 democraticarum
550 4835 719 4889 nobilissima
736 4836 963 4892 contendentem.
1007 4839 1100 4891 sentit.
1109 4839 1180 4892 Nam
1191 4837 1354 4892 Heraclides
1367 4835 1416 4911 (lr.
1430 4835 1523 4910 ns),
1536 4837 1616 4891 sicuti
1625 4837 1782 4908 'lheopom-
1887 4874 1888 4877 =

194 4926 244 4978 Cui
270 4939 405 4978 annexam
428 4921 586 4976 Cretensem
606 4940 663 4976 esse
687 4923 749 4994 quis
770 4923 916 4978 mirabitur
936 4925 966 4978 in
1008 4941 1077 4997 pus,
1098 4926 1137 4978 ait
1156 4921 1379 4996 Cimonem(cui
1402 4924 1507 4979 librarii
1530 4940 1612 4978 error
1634 4923 1783 4996 Ephialten

196 5021 268 5075 tanta
299 5011 443 5083 utriusque
467 5007 655 5065 institutorum
680 5010 879 5065 similitudine?
901 5013 965 5064 Post
1010 5010 1166 5084 substituit)
1181 5011 1330 5066 bortorum
1347 5027 1461 5070 sitorum
1481 5011 1592 5085 copiam
1606 5008 1715 5069 dedisse
1728 5006 1780 5072 roi<
