3834 5767
175 371 230 420 '228
522 367 526 374 '
841 351 1090 410 utCAEsttcttUs

170 496 303 564 accepisse
319 491 430 544 dicitur.
452 488 556 544 Eadem
574 485 672 542 eodem
694 485 780 540 modo
798 497 938 556 tamquam
961 484 965 535 l
1027 487 1160 538 Praeterea
1174 487 1236 538 l'ita
1250 485 1365 541 Graecia·
1378 505 1437 540 non
1450 485 1548 542 addito
1563 487 1627 542 libri
1640 503 1761 542 muneri>

170 581 204 634 ab
217 577 362 632 floraclide
373 578 487 630 Pontico
498 574 609 648 prodita
618 585 645 626 et
659 571 759 626 deinde
770 572 805 625 ab
818 571 938 626 Alexan·
984 583 1221 626 commemoratur
1230 565 1299 626 locis
1312 574 1452 644 quinque,
1463 591 1587 644 quarum
1601 586 1656 628 tres
1665 574 1718 640 (fr.
1734 593 1759 628 1.

169 667 256 721 ‹lrrurs
270 666 400 736 adoptata
420 662 503 716 refert
524 661 707 714 Plutarchus
702 677 731 712 tn
748 659 828 714 Alex.
844 677 868 710 c.
886 658 938 722 ab',
987 677 1013 712 a
1029 659 1060 730 5)
1076 671 1172 730 aperte
1187 670 1314 728 spectant
1326 659 1362 714 ad
1381 660 1484 714 librum
1504 662 1639 732 primum.
1653 662 1763 716 Citamr

170 753 217 806 ubi
233 751 336 806 oraculi
359 759 466 814 auctor,
488 749 537 820 qui
559 765 609 819 per
627 764 755 798 somnum
777 744 939 800 Alexandro
985 745 1023 798 ibi
1035 742 1193 819 Δικαίαρχος
1203 742 1247 799 τὸν
1261 765 1370 820 upsatav
1380 742 1479 818 βιον
1447 768 1492 813 της
1506 742 1661 810 Ἑλλάδος’
1646 747 1761 824 ορηγού

168 838 311 909 apparuit,
325 834 515 888 fuissedicitur
530 831 595 908 ἀνὴρ
609 829 684 886 πολιδ
685 853 697 893 ς
711 851 738 884 ευ
724 817 862 900 Ὶίὶμάλα
836 849 882 894 την
895 827 940 882 κό-
985 851 1059 901 μενος
1074 831 1123 902 (fr
1144 830 1188 902 ι),
1202 832 1406 886 Dicaearchus
1397 851 1425 885 ιιι
1437 833 1513 886 libris
1524 839 1721 906 antiqar'mumr
1734 848 1763 888 ot

171 946 232 994 μην,
244 943 288 976 ιιαι
302 941 408 996 γεραρ
419 941 448 974 το
461 919 524 973 ιι
499 917 745 989 Quibusrnmst
758 933 939 988 comparare
962 906 1351 990 Ιδνωοιωάειονιριιοηι(ίι.
1363 916 1416 989 υ),
1433 915 1613 972 Dicaearchus
1625 922 1764 992 qur

171 1003 568 1078 risl‘s'cudocallisthenem(l,
580 1003 630 1068 30,
643 1001 754 1056 ιδοι33
763 1001 844 1073 ,ι3),
854 1002 941 1072 liquet
985 1022 1039 1056 rire
1053 1008 1136 1057 vitum
1157 1006 1248 1075 quales
1254 1000 1493 1072 suerrtabrmno
1505 1008 1626 1060 ostendit
1644 1005 1697 1078 (fr.
1710 1005 1759 1081 5).

169 1113 261 1148 senem
284 1095 364 1148 istum
387 1091 501 1164 intelligi
521 1092 636 1162 Serapin
657 1089 741 1144 deum
761 1088 804 1142 vel
823 1093 939 1142 Ammo-
987 1090 1098 1160 Reliqui
1117 1090 1175 1144 duo
1196 1109 1230 1144 cx
1253 1090 1377 1144 secundo
1398 1090 1471 1144 libro
1490 1089 1634 1150 fluxerint,
1653 1095 1762 1148 uorum

167 1197 253 1246 nem,
280 1180 327 1252 qni
346 1177 506 1234 Alexandro
528 1188 589 1248 post
605 1195 686 1230 sacra
698 1167 822 1247 peracta
835 1175 941 1228 oraculi
985 1176 1073 1228 altero
1088 1175 1139 1246 lfr.
1159 1171 1602 1250 ailrurraturnimisaliquando
1616 1179 1763 1237 invaluisse

169 1265 324 1339 accipiendi
345 1283 424 1319 causa
444 1265 472 1316 in
494 1265 598 1336 templo
619 1263 664 1315 dei
684 1262 834 1316 dormienti
856 1279 941 1332 appa·
985 1280 1065 1314 usum
1091 1263 1263 1316 crotalorum
1290 1261 1468 1333 aliorumque
1495 1265 1762 1334 instrumentorum,

173 1357 270 1409 ruerit.
288 1357 352 1408 llaec
370 1361 519 1424 propterea
540 1367 746 1409 corinnemoro,
767 1347 844 1418 quod
863 1349 940 1400 laso—
987 1365 1047 1417 quae
1067 1366 1125 1400 non
1139 1366 1223 1402 sonos
1236 1347 1285 1402 scd
1299 1350 1422 1420 crepitus
1435 1349 1614 1404 solummodo
1628 1351 1761 1418 ederem

168 1459 234 1493 nem
258 1441 375 1493 multum
402 1437 436 1492 ad
458 1435 589 1492 sacrificia
622 1434 770 1489 Alexandri
796 1433 941 1488 attendisse
986 1434 1074 1488 altero
1090 1433 1153 1486 loco
1178 1434 1228 1505 (fr.
1246 1429 1765 1510 rfilEuripidesllledeaNeopbronis

170 1527 305 1581 docemur
320 1527 383 1578 loeo
399 1525 521 1578 Athenaei
535 1525 612 1588 xlv,
625 1541 653 1594 p.
669 1522 740 1586 620,
752 1523 793 1586 D,
807 1521 854 1574 ubi
868 1537 874 1576 :
889 1516 940 1575 Ἰά-
964 1536 967 1557 ·
986 1539 1050 1572 usus
1071 1539 1128 1572 esse
1150 1521 1264 1575 dicitur.
1288 1523 1360 1576 Hinc
1379 1522 1463 1594 igitur
1484 1523 1641 1595 colligimus
1656 1527 1688 1580 iu
1707 1527 1764 1602 Βίῳ

171 1631 223 1665 οων
236 1609 260 1665 δ’
280 1611 305 1664 ἐν
325 1607 403 1684 τρίτῳ
422 1607 479 1684 περὶ
501 1609 550 1662 τῶν
564 1603 729 1682 Ἀλεξάνδρου
743 1607 818 1680 ἱερῶν
831 1605 856 1660 ἐν
871 1603 941 1662 Ἀλε-
986 1602 1112 1668 Ἑλλάδος
1127 1618 1269 1662 auctorem
1285 1620 1413 1662 nostriani
1425 1627 1484 1662 non
1496 1607 1588 1665 solutu
1602 1629 1647 1666 res
1666 1614 1763 1668 civiles

172 1694 289 1772 ξυνδρείᾳ
305 1693 380 1772 quoii
403 1697 427 1748 ἐν
449 1697 485 1769 τῷ
509 1693 614 1770 μεγάλῳ
635 1692 734 1768 θεάτρῳ
758 1690 942 1768 ὑποκρίνασθαι
986 1703 1069 1763 atquc
1089 1711 1121 1744 ea
1136 1711 1197 1763 quae
1209 1693 1245 1748 ad
1257 1695 1371 1766 politica
1384 1696 1514 1766 proxime
1533 1708 1660 1768 spectant
1674 1717 1765 1771 expo-

173 1779 302 1857 Ἡγησίου
316 1782 347 1837 τὰ
362 1779 515 1856 Ἡροδότου,
531 1779 710 1858 Ἱδρμόριιντον
726 1777 752 1834 δὲ
765 1777 796 1834 τά
809 1777 940 1856 Ὁμήρου.
985 1779 1083 1844 sul-sse,
1104 1779 1152 1834 sed
1166 1782 1268 1834 artium
1285 1799 1400 1852 quoque
1413 1793 1567 1854 earumque
1580 1783 1706 1840 historie
1717 1805 1764 1841 ra·

172 1871 295 1924 Dubium
316 1887 383 1922 vcro
402 1871 446 1920 vix
462 1880 501 1921 est
519 1871 587 1939 quin
603 1869 687 1922 verba
703 1868 728 1922 ίν
740 1864 818 1940 τρίτῳ
835 1881 891 1920 ιιοιι
906 1869 942 1923 cle
987 1864 1091 1918 tionem
1101 1865 1236 1920 habuisse.
1249 1872 1341 1938 Atque
1352 1869 1411 1922 hacc
1424 1869 1540 1939 quidem
1551 1870 1662 1926 ὕνεως
1674 1873 1764 1928 histo·

171 1956 305 2028 peculiari
329 1975 414 2028 operc
436 1955 568 2008 sacrificia
594 1953 745 2008 Alexandri
769 1965 940 2026 exponente,
988 1950 1061 2004 ricus
1091 1951 1222 2023 idemque
1247 1953 1430 2025 philosophus
1455 1956 1616 2028 artiumque
1639 1957 1764 2014 historie

171 2044 218 2098 sed
230 2044 264 2098 de
278 2044 359 2096 tertio
375 2039 437 2098 Βίου
453 2039 577 2104 ‘tralata
589 2043 661 2096 libro
676 2043 703 2093 in
716 2039 865 2094 Alexandri
878 2051 941 2094 tem·
986 2037 1179 2108 peritissimus,
1194 2057 1229 2093 eo
1246 2042 1337 2093 minus
1350 2041 1479 2094 omittere
1490 2051 1615 2113 poterat,
1627 2062 1686 2115 qun
1700 2065 1763 2100 ma-

172 2131 288 2203 poribus
301 2140 426 2182 versante
441 2127 618 2202 intelligenda
633 2131 694 2182 sint.
983 2123 1031 2193 jor
1037 2135 1098 2178 erat
1108 2125 1162 2190 vis,
1173 2142 1256 2195 quam
1268 2127 1312 2178 vel
1322 2127 1469 2180 levissimas
1478 2129 1553 2182 circa
1562 2132 1675 2185 mmiee
1682 2147 1765 2186 usum

213 2218 260 2270 ttts
281 2215 316 2268 dc
332 2216 436 2269 lasonis
457 2231 542 2286 opere
561 2215 720 2285 praemissis,
741 2215 889 2286 quaerimus
907 2231 942 2265 an
986 2211 1181 2266 innovationes
1194 2212 1224 2264 in
1238 2229 1331 2266 mores
1343 2213 1492 2266 hominum
1506 2216 1763 2290 vitamquepnbti.

172 2322 231 2356 ιιοιι
244 2303 326 2355 simili
341 2301 427 2354 modo
441 2299 616 2353 Dicaearchus
632 2300 659 2351 in
676 2295 729 2374 Βίῳ
742 2295 867 2362 Ἑλλάδος
881 2317 940 2352 rem
988 2315 1048 2352 cam
1062 2315 1191 2351 exercere
1205 2309 1312 2354 veteres
1324 2299 1487 2366 cernebant,
1501 2311 1529 2354 et
1541 2319 1599 2372 quo
1611 2305 1716 2358 aoefius
1730 2325 1764 2360 cn

171 2391 330 2443 instituerit.
353 2389 419 2456 Quae
447 2385 561 2460 quidem
588 2387 707 2458 suspicio
734 2397 810 2442 tanto
835 2387 941 2440 facilins
989 2401 1051 2454 quae
1064 2385 1094 2437 in
1108 2384 1192 2438 rebus
1212 2386 1327 2438 scenicis
1343 2385 1498 2458 Neophron
1511 2384 1626 2458 ejusque
1638 2390 1767 2445 imitator·

173 2477 302 2541 nascitur,
319 2493 405 2546 quum
422 2475 485 2526 satis
504 2481 609 2526 constet
622 2483 798 2544 quantopere
811 2469 942 2526 Adrianet
988 2471 1139 2524 etaemulus
1150 2471 1314 2543 Euripides
1307 2482 1505 2540 immutarunt
1515 2491 1581 2526 cum
1591 2476 1697 2528 secula
1688 2495 1766 2548 apso-

172 2564 254 2617 sectili
265 2563 532 2633 scriptorcsantiqua
540 2560 666 2630 exempla
676 2559 718 2611 vel
727 2568 789 2630 apte
797 2559 857 2612 vel
850 2567 943 2628 mepte
988 2575 1052 2610 ram
1074 2558 1201 2611 moribus
1220 2557 1374 2629 studiisque
1395 2567 1475 2612 mant
1494 2558 1656 2628 conjuncta.
1676 2563 1766 2617 blodo

173 2651 273 2704 imitari
286 2649 358 2701 soliti
370 2650 433 2700 sint.
446 2647 564 2700 Tantum
573 2663 640 2700 vero
649 2646 726 2700 abest
734 2657 766 2698 ut
778 2645 942 2718 fragmenta,
988 2631 1084 2698 cfveas
1095 2661 1130 2697 ne
1141 2645 1350 2698 Dicaearcbum'
1343 2664 1373 2697 m
1385 2645 1469 2698 trium
1479 2643 1619 2700 librorum
1627 2653 1767 2720 opusculo

173 2733 274 2804 quibus
294 2734 358 2785 libri
380 2735 477 2785 notitia
499 2731 594 2785 addita
614 2739 668 2796 est,
686 2731 861 2804 refragentur
878 2731 943 2782 huic
987 2731 1159 2803 singularum
1172 2733 1272 2784 artium
1287 2732 1488 2804 literarumque
1502 2742 1660 2788 accuratam
1677 2736 1766 2789 histo·

169 2821 326 2884 sententiae,
338 2830 370 2871 ut
381 2818 490 2891 egregie
504 2835 564 2870 cum
576 2815 751 2870 confirment.
989 2817 1057 2870 riam
1066 2835 1099 2870 ex
1113 2817 1238 2891 professo
1248 2829 1424 2889 persecutum
1434 2836 1491 2872 esse
1500 2820 1636 2890 opineris
1643 2821 1679 2875 ld
1690 2825 1767 2876 eninr

211 2907 321 2959 Etenim
331 2906 513 2974 liberprnmo
525 2904 591 2956 Vrtae
606 2903 718 2958 Graecrae
729 2903 862 2957 laudatur
876 2903 944 2956 locvs
988 2905 1179 2975 peculiaribus
1204 2905 1271 2957 fecit
1293 2905 1441 2976 operibus,
1467 2922 1502 2958 cx
1527 2906 1663 2977 quibus
1655 2928 1684 2962 m
1708 2909 1768 2988 Βίῳ

172 2995 263 3046 tribus
269 3010 411 3064 ‚quorum
431 2993 538 3063 primns
551 3001 591 3044 est
611 2989 657 3062 (fr.
671 2987 703 3062 7)
725 2989 760 3044 de
781 2990 943 3044 Sesonclrosi
989 3001 1086 3044 nostro
1104 3009 1135 3044 ea
1153 3000 1260 3044 tantum
1280 2991 1403 3045 attulisse
1422 2990 1564 3061 putandus
1582 3005 1638 3060 est,
1651 3013 1716 3065 qu:
1731 2999 1769 3050 nil

175 3081 368 3152 Egyptiorum
380 3097 444 3149 rege
455 3089 481 3130 et
491 3077 645 3148 legislatore
658 3077 846 3149 antiquissimo
856 3117 863 3143 ,
874 3077 945 3131 alter
990 3075 1182 3130 illustrandam
1195 3076 1263 3130 Vitae
1276 3077 1439 3131 Graecorum
1461 3077 1605 3132 historiam
1626 3085 1767 3135 munerati

171 3185 240 3220 vero
260 3164 309 3237 (fr.
325 3163 356 3234 fl]
370 3165 405 3218 dc
414 3165 487 3218 Nino
502 3165 614 3216 Ninives
623 3161 770 3218 conditore
783 3171 810 3216 et
820 3163 855 3218 de
865 3163 944 3217 Chal·
990 3163 1106 3232 alicujus
1119 3172 1217 3217 essent.

175 3253 251 3316 daeo3
262 3252 357 3304 tertius
371 3251 417 3320 fir.
433 3249 705 3322 raldeDoriensium
718 3251 858 3322 tetrapoli.
870 3249 944 3303 Nihil
1030 3249 1121 3319 Igitur
1138 3258 1169 3300 ut
1182 3249 1279 3320 paucis
1290 3250 1455 3302 sententiam
1470 3266 1560 3303 meam
1578 3253 1770 3324 comprehcn-

175 3339 261 3412 igitur
274 3338 376 3400 obstat,
398 3336 467 3406 quin
482 3335 553 3388 liber
573 3334 679 3407 primus
692 3332 738 3401 clv
760 3331 945 3414 ἀρχαιολογίαν
991 3331 1070 3399 (ίιιιιι,
1079 3333 1254 3387 Dicaearchus
1264 3334 1294 3386 in
1304 3329 1358 3409 Βίῳ
1370 3329 1508 3402 Ἑλλάδος,
1520 3335 1601 3389 initio
1610 3339 1770 3410 sumptoab

175 3419 298 3484 Ἑλλάδος
308 3465 316 3492 ,
328 3433 358 3476 ut
371 3422 406 3475 de
416 3423 520 3476 lasonis
532 3421 605 3474 libro
619 3423 712 3494 primo
722 3423 838 3494 laquem
849 3421 947 3476 Suidas
992 3419 1056 3490 ipsis
1077 3419 1191 3472 humani
1214 3419 1323 3490 generis
1341 3419 1520 3491 primordiis,
1536 3423 1657 3492 priminn
1674 3443 1770 3498 expo-

175 3514 227 3580 ait,
239 3511 417 3565 continuerit.
437 3509 603 3562 Praemissum
620 3526 688 3562 vero
698 3509 741 3561 his
752 3507 834 3562 fuisse
849 3504 945 3580 dispu-
991 3506 1046 3559 snit
1056 3505 1193 3559 rationem
1203 3516 1231 3560 et
1242 3507 1321 3577 quasi
1332 3506 1607 3578 gradus,quibusad
1617 3512 1770 3568 cultiorem

177 3599 309 3652 tationem
325 3595 360 3650 de
374 3595 512 3648 societatis
527 3595 653 3650 humanae
672 3595 757 3649 initiis
772 3604 799 3647 et
819 3594 855 3649 de
874 3597 948 3649 anti-
992 3592 1078 3644 vitam
1098 3589 1246 3663 paullatim
1268 3593 1395 3646 homines
1413 3594 1551 3665 progressi
1573 3593 1642 3658 sint;
1662 3591 1770 3648 deiude

176 3684 312 3758 quissimis
323 3681 397 3736 orbis
410 3692 545 3736 terrarum
556 3679 725 3750 cilitatibus,
740 3692 798 3736 tum
813 3700 846 3736 cx
860 3682 948 3736 citatis
993 3679 1196 3749 antiquissimas
1207 3679 1284 3733 orbis
1297 3688 1435 3734 terrarum
1447 3680 1570 3734 civitates
1580 3680 1771 3751 perlustravit,

176 3771 265 3826 modo
285 3779 344 3823 tum
360 3786 393 3822 ex
410 3768 470 3821 aliis
488 3767 648 3840 fragmentis
663 3765 695 3822 fit
706 3767 888 3824 manifestum.
908 3797 947 3810 -
990 3781 1146 3836 earumque
1165 3765 1308 3819 historiam
1322 3763 1475 3820 delineavit
1494 3765 1530 3820 ad
1544 3783 1576 3820 ea
1593 3784 1682 3837 usque
1694 3779 1768 3822 tem-

175 3857 403 3914 Libcrsecnndas
421 3872 555 3926 nusquam
570 3855 686 3921 citatur3
702 3873 766 3909 nam
781 3831 858 3926 quod
872 3855 947 3926 apud
993 3869 1081 3923 pora,
1108 3853 1210 3923 quibus
1236 3853 1416 3908 venustissima
1439 3841 1601 3908 Graecorum
1625 3857 1766 3909 memoria

176 3945 263 4000 schol.
278 3942 369 4015 Apoll.
383 3942 439 3997 uh.
454 3939 505 4012 (fr.
523 3941 553 4013 7)
570 3939 781 3996 deSesonchosi
792 3940 947 3996 nonniodo
993 3939 1162 3994 continetur.
1174 3939 1398 4012 Hispraemissis,
1412 3939 1450 3994 ad
1459 3941 1637 4012 propositum
1647 3943 1770 4013 propius

174 4047 307 4104 primum,
315 4027 363 4083 scd
373 4028 455 4081 ettam
463 4025 614 4082 secundum
624 4023 686 4084 Βιου
695 4027 798 4080 labrum
806 4027 948 4084 laudatum
992 4023 1142 4089 accedeus,
1162 4024 1248 4078 vitam
1260 4024 1387 4092 Graeciae,
1408 4025 1440 4079 id
1459 4036 1500 4079 est
1518 4027 1661 4080 civitatum
1677 4027 1768 4082 bisto-

174 4119 307 4192 legimus,
323 4113 533 4188 apertofactum
544 4125 700 4170 esterrore.
718 4115 773 4168 Pro
786 4112 812 4168 lv
829 4112 852 4188 β’
864 4133 948 4188 repo-
992 4111 1080 4176 nam,
1100 4110 1289 4164 hominatum
1307 4112 1365 4165 rita
1376 4101 1490 4182 publica
1508 4115 1657 4184 etprivata
1673 4131 1770 4171 mores

175 4204 301 4258 neudum
315 4201 342 4256 lv
362 4199 424 4278 βίῳ;
443 4202 615 4272 omninoque
629 4199 765 4254 scholium
781 4201 855 4254 istud
869 4221 947 4256 com·
993 4205 1021 4250 et
1032 4197 1170 4263 instituta
1183 4198 1286 4251 artium
1299 4198 1499 4270 literarumque
1512 4204 1654 4254 momenta
1666 4205 1769 4272 praeci·

177 4292 305 4364 pluribus
313 4290 421 4345 mendis
432 4288 549 4343 laborat.
561 4317 595 4329 -
607 4287 689 4340 Liber
697 4292 791 4340 tertius
799 4290 883 4342 semel
893 4290 948 4346 lan·
992 4300 1064 4352 pua,
1073 4293 1102 4338 et
1110 4281 1211 4337 horum
1220 4284 1346 4338 omniurn
1354 4295 1516 4358 progressus
1523 4295 1552 4340 et
1561 4289 1770 4356 τοιιιοιτίοιιαι,

179 4379 261 4432 datur
283 4375 383 4449 fragm.
414 4375 461 4443 18,
476 4375 525 4429 ubi
546 4375 646 4428 Darius
666 4372 865 4430 Codomannus
885 4395 948 4430 curn
992 4367 1067 4424 libro
1077 4371 1170 4442 primo
1181 4368 1770 4449 dednxitusqneadmaguumistudtepe'-

180 4463 309 4534 Philippo
323 4471 510 4535 comparatur.
529 4459 602 4515 Hinc
617 4460 701 4532 igitur
716 4457 779 4528 jure
794 4461 949 4533 colligimus
992 4474 1086 4530 πηγμοι
1099 4455 1240 4510 bellorum
1253 4457 1438 4512 Medicorum.
1452 4459 1542 4514 Simili
1556 4458 1644 4516 modo
1656 4477 1711 4534 per
1722 4480 1770 4516 η.

180 4541 385 4604 Dicaearchum,
405 4539 485 4594 sicuti
507 4541 648 4602 Iasonem,
668 4537 742 4590 libro
761 4538 843 4592 tertio
864 4542 949 4612 egisse
994 4540 1229 4597 cundumlibrum
1238 4543 1374 4598 Grecim
1382 4542 1770 4615 depinxitinuniussocicta·

178 4627 215 4682 de
236 4625 409 4698 temporibus
429 4623 589 4680 Alexandri.
611 4625 672 4678 flue
691 4623 798 4678 accedit
812 4625 889 4697 quod
908 4630 947 4681 uti
994 4629 1027 4682 tis
1035 4628 1184 4701 imaginem
1193 4630 1769 4705 coalescentcm,cqucordem‚mperbam

179 4715 274 4778 lason,
290 4713 328 4766 sic
342 4712 423 4764 etiam
434 4709 610 4764 Dicaearchus
620 4707 654 4762 de
670 4705 947 4767 sacrificiishlexan-
993 4732 1060 4768 mox
1077 4715 1209 4786 superbia
1225 4713 1401 4782 discordem,
1418 4715 1498 4770 bellis
1521 4714 1726 4773 dilaceratam
1718 4739 1771 4773 nr·

180 4789 224 4853 dn
236 4815 392 4853 sermonem
407 4797 534 4850 instituit.
554 4796 623 4850 Nam
642 4793 677 4848 fr
702 4795 949 4868 19laudatnrDi-
994 4802 1113 4868 testinis,
1131 4801 1253 4872 denique
1273 4803 1411 4874 imperata
1427 4801 1574 4859 facientem
1594 4806 1770 4877 reginpere-

180 4886 318 4941 caearchus
331 4881 404 4937 ίν
369 4903 407 4938 τοι
420 4901 451 4936 nr
454 4869 573 4956 ριτῆςέν
588 4877 658 4957 Ἰλίῳ
672 4879 759 4944 θυσίας
772 4881 816 4954 (ιο.
830 4881 948 4950 Ἀλεξάν-
994 4888 1077 4958 grini.
1098 4887 1183 4942 liber
1202 4889 1298 4942 tertius
1310 4887 1623 4961 deindeargumentum
1643 4891 1771 4946 hebetm

181 4974 266 5048 δρου).
280 4975 366 5043 Quem
383 4969 495 5042 quidem
520 4970 632 5024 locum
626 4978 691 5022 rtem
705 4969 741 5023 ad
760 4971 872 5024 tertium
889 4969 949 5028 Βίου
993 4975 1143 5038 Graeciam,
1163 4976 1276 5045 qualem
1296 4974 1367 5028 vidit
1382 4986 1491 5042 auctor,
1512 4976 1768 5047 ecntemdrom,

181 5059 283 5114 libnrm
299 5055 475 5111 referendum
492 5073 547 5143 esse
558 5064 637 5127 puto.
992 5061 1043 5131 qui
1060 5077 1166 5132 genere
1186 5061 1320 5130 Macedo,
1337 5063 1432 5117 animo
1452 5063 1578 5128 Graecm,
1595 5061 1715 5117 formae
1735 5075 1771 5118 et
