3834 5767
580 371 653 430 LEO
673 371 953 434 ALABANDENSiS
975 375 1024 433 nt
1045 376 1119 434 tito
1140 376 1325 436 PELLAEUS.

159 511 224 550 cum
244 493 309 549 cod.
330 493 432 564 Paris.)
453 493 513 556 Διὸς
533 489 600 567 ἱερόν
624 493 707 546 ἐστιν·
731 483 760 548 οὗ
776 488 932 564 μνημονεύει
962 509 965 514 ’

160 577 204 635 καὶ
217 575 291 636 Δίων
302 577 329 632 is
342 573 469 654 Περίπλῳ
483 575 527 634 aul
540 575 705 650 Δημοσθένης
716 579 725 654 (
735 597 789 634 scr.
802 577 932 648 Ἰἰμοοθί-

159 666 219 741 νης)
232 664 259 721 is
270 671 323 728 τοῖς
335 662 454 737 Aspicis.
469 665 617 722 Antecedit
630 665 729 740 fragrat.
747 666 862 722 Hesiodi
878 667 928 720 151

160 753 207 811 ed.
221 752 321 810 Didot.

200 841 309 894 Auctor
322 840 425 912 Peripli
439 838 515 895 idem
532 857 589 895 esse
603 857 667 894 cum
679 857 713 894 eo
722 879 730 908 ,
740 839 789 911 qui
801 835 867 914 ssepi
881 861 931 895 πο-

160 925 251 1000 ταμῶν
262 925 388 998 scripsit,
408 924 500 980 sideri
513 926 609 998 possit.
627 925 696 980 illibi
715 937 807 980 tamen
822 943 875 996 pro
887 923 931 980 xci

161 1009 234 1070 Atos
245 1022 311 1080 etc.,
320 1012 501 1067 scribendum
509 1011 622 1066 videtur
632 1007 677 1066 sal
689 1007 856 1086 Κλίωνὲντῷ
868 1007 933 1087 Περὶ

160 1096 280 1172 λιμένων.
290 1101 332 1154 De
343 1111 401 1170 quo
413 1099 524 1154 Cleonis
532 1115 619 1171 opere
632 1097 745 1176 abunde
756 1108 872 1154 constat.

534 1207 550 1263 5

199 1313 293 1368 Schoi.
310 1313 407 1386 Eurip.
422 1311 498 1370 Med.
517 1312 570 1387 169
585 1329 592 1366 t
609 1309 681 1369 Δίων
696 1309 807 1390 idriam?
824 1313 852 1368 οὐ
866 1332 932 1389 ορα-

160 1403 238 1473 γῆναι
259 1397 315 1478 [sc.
335 1395 383 1468 τὴν
400 1396 521 1466 Μήδειαν
535 1395 559 1474 i,
579 1395 647 1454 ἀλλὰ
665 1399 837 1476 διαφθαρῆναι
856 1397 931 1454 αὐτὸν

161 1489 217 1560 (sc.
235 1485 349 1542 fratrem
360 1485 368 1562 )
379 1481 524 1564 φαρμάκοις
537 1485 546 1558 (
557 1483 634 1564 pacis
646 1485 666 1560 ).

202 1575 266 1626 Haec
285 1589 351 1626 num
370 1571 406 1626 ad
425 1575 565 1639 Leontem,
579 1572 740 1645 Byzantium
760 1593 794 1628 an
813 1573 848 1626 ad
871 1574 933 1626 Ala·

161 1658 333 1714 bandensem
346 1657 494 1714 reserenda
505 1659 574 1726 sint,
591 1661 694 1714 nescio.

484 1799 621 1816 *a*

359 1887 430 1942 LEO
451 1887 734 1943 ALABANDENSIS.

201 2001 316 2073 Scripsit
330 2003 388 2056 Leo
402 1999 616 2068 Alabandensis,
628 2001 735 2068 rhetor,
748 1999 835 2056 Suida
847 2011 933 2070 testo,
950 2029 953 2034 ·

161 2088 257 2142 Carica
270 2085 349 2142 libris
362 2097 505 2158 quattuor,
520 2089 637 2159 Lycisca
650 2088 727 2142 libris
738 2087 866 2157 duobus,
882 2091 935 2142 Ar·

163 2185 220 2228 tem
234 2174 413 2242 rhetoricam,
423 2175 465 2228 De
476 2173 599 2228 statibus
608 2173 716 2244 Quibus
723 2185 826 2230 temere
837 2175 937 2230 Suidas

163 2260 307 2334 subjungit
329 2261 481 2316 Historiam
508 2260 575 2314 belli
593 2261 665 2314 sacri
690 2279 696 2314 ι
724 2260 782 2316 haec
802 2262 876 2316 enim
899 2261 935 2315 ad

162 2351 300 2404 Leontem
331 2345 494 2418 Byzantium
521 2347 654 2418 pertinet.
686 2347 763 2400 AEtas
792 2347 936 2419 scriptoris

162 2437 268 2509 ignota.
284 2431 428 2489 Laudatur
443 2431 538 2487 semel.

204 2521 378 2592 Hesychius:
397 2520 522 2594 Βαιὲγις,
544 2515 619 2596 ἑορτὴ
638 2516 710 2596 παρὰ
733 2517 888 2598 Ἀσσυρίοις,
902 2522 937 2584 ὡς

163 2603 237 2664 Aius
247 2607 261 2661 δ
271 2601 440 2667 Ἀλαόανδεὺς
450 2605 476 2659 ἐν
486 2601 574 2680 τρίτῳ.
585 2607 627 2659 De
639 2623 669 2659 re
680 2605 748 2658 mihi
754 2624 813 2659 non
820 2615 935 2661 constat.

163 2697 236 2750 Num
254 2691 434 2766 cogitandum
449 2691 485 2746 de
503 2687 633 2768 βαιορόρῳ
646 2691 722 2766 ἑορτῇ
739 2693 892 2764 Syrorum?
903 2694 937 2745 In

164 2781 298 2852 Lyciacis,
307 2797 368 2852 quae
376 2778 498 2832 duorum
507 2779 686 2844 solummodo
697 2779 834 2834 librorum
842 2789 921 2834 erant
927 2819 935 2846 ,

163 2869 222 2922 haec
236 2867 288 2941 legi
301 2885 360 2922 non
372 2875 514 2939 poterant.
531 2868 608 2920 Num
621 2867 708 2940 igitur
721 2867 750 2920 in
768 2866 889 2922 Cacicis?
902 2885 938 2921 an

163 2953 247 3006 etiam
258 2952 401 3024 Assyriaca
417 2953 495 3006 Leon
507 2951 634 3024 scripsit?

415 3171 486 3226 LEO
506 3171 686 3225 PELLAEUS.

205 3289 262 3344 Leo
274 3289 388 3344 Pettaeus
401 3285 567 3362 Αἰγυπτιακὰ
576 3291 696 3364 scripsit,
708 3291 751 3344 vei
763 3292 801 3344 uti
813 3292 939 3346 Clemens

167 3377 213 3449 (ir.
225 3379 251 3450 a)
260 3376 516 3444 accuratiustradit,
525 3374 591 3451 Περὶ
599 3378 649 3431 τῶν
655 3377 713 3431 κατ’
722 3374 853 3452 Αἴγυπτον
863 3379 936 3434 θεῶν.

167 3461 254 3518 AEtate
274 3481 379 3536 suppar
400 3464 480 3517 inisse
502 3461 613 3516 videtur
638 3463 797 3518 Alexandro
823 3465 935 3537 Magno.

166 3549 358 3605 Verisimiliter
368 3551 441 3603 enim
457 3547 617 3605 Lobeckius
626 3590 633 3616 ‚
643 3567 676 3602 ex
689 3551 855 3621 comparatis
866 3549 938 3604 inter
1031 3605 1036 3613 ,

1698 391 1749 438 331

1038 521 1126 578 iiiii'i
1147 521 1227 578 Tuti
1250 521 1335 578 ttt'r’
1357 523 1556 581 ΑΙΓΥΠΤΟΝ
1578 523 1692 582 ΘΕΩΝ.

1354 679 1380 714 1.

1211 789 1233 842 E
1252 787 1363 844 mutto
1383 789 1510 845 PRIMO.

1017 914 1110 967 Schcl.
1125 915 1218 985 Apoll.
1232 915 1287 968 Rh.
1302 917 1351 983 IV,
1368 915 1443 969 262:
1459 912 1567 989 Κόσμης
1580 914 1606 971 δὲ
1617 917 1643 994 ἐν
1657 916 1757 995 πρώτῳ

979 999 1163 1073 Αἰγυπτιακῶν
1173 996 1218 1054 καὶ
1229 996 1302 1056 Δίων
1313 1001 1339 1056 ἒν
1349 999 1445 1078 πρώτῳ
1454 1004 1506 1057 τῶν
1515 1000 1585 1079 Πρὸς
1594 999 1641 1070 τὴν
1653 1003 1754 1082 μητέρα

978 1083 1023 1140 καὶ
1048 1083 1169 1148 Κνωσσὸς
1201 1081 1362 1161 (Εὕδοξοςὲ)
1386 1089 1412 1142 ἐν
1438 1088 1462 1143 α’
1479 1087 1679 1166 Τεωγραφικῶν
1702 1095 1751 1159 τῆς

979 1169 1065 1234 ’Asiae
1086 1169 1191 1228 πάντων
1214 1173 1400 1250 ἀρχαιοτάτους
1420 1172 1478 1238 τοὺς
1499 1174 1657 1251 Αἰγυπτίους
1674 1178 1757 1255 φασὶ,

979 1256 1024 1314 καὶ
1037 1259 1063 1314 is
1079 1256 1206 1337 Αἰγύπτῳ
1222 1257 1328 1337 πρώτην
1340 1263 1473 1330 κτισθῆναι
1487 1260 1562 1318 πόλιν
1576 1260 1682 1331 Bidos.
1699 1264 1753 1323 Καὶ

979 1341 1102 1422 Νικάνωρ
1117 1341 1146 1400 δὲ
1165 1341 1263 1410 τούτοις
1273 1347 1407 1424 supposui
1424 1345 1469 1402 xci
1485 1345 1650 1426 Ἀρχέμαχος
1663 1350 1689 1405 ἐν
1701 1357 1754 1414 τοὶς

979 1428 1195 1503 Μετονομασίαις.

1018 1513 1089 1592 Πρὸς
1101 1514 1148 1584 τὴν
1163 1516 1281 1595 μητέρα]
1292 1545 1304 1568 s
1317 1523 1379 1574 Hoc
1392 1532 1450 1588 est,
1463 1522 1515 1574 nisi
1525 1521 1618 1591 failor,
1633 1521 1696 1598 πρὸς
1706 1519 1753 1592 τὴν

979 1599 1142 1680 Ἀλεξάνδρου
1164 1602 1276 1682 μητέρα.
1293 1608 1387 1660 Nihilo
1405 1618 1498 1661 tamen
1518 1610 1606 1662 secius
1624 1611 1753 1664 iablons-

979 1690 1028 1743 kio
1043 1691 1176 1744 assentior
1197 1693 1294 1746 Panth.
1317 1693 1426 1765 Proleg.
1439 1711 1468 1765 p.
1482 1693 1569 1746 XXX
1588 1692 1684 1748 fictam
1698 1713 1755 1748 csse

940 1787 943 1792 '
980 1776 1056 1830 iliam
1067 1777 1221 1831 Alexandri
1238 1780 1278 1835 Μ.
1296 1780 1456 1851 epistolam,
1470 1781 1500 1832 in
1513 1799 1568 1852 qua
1588 1781 1625 1834 ad
1638 1792 1755 1836 matrem

980 1863 1077 1916 scribit
1098 1865 1154 1916 sibi
1172 1883 1192 1916 α
1211 1867 1302 1918 Leone
1326 1868 1446 1938 qualum
1468 1872 1594 1921 antistite
1614 1886 1755 1923 sacrorum

983 1954 1173 2022 AEgyptiornm
1195 1963 1268 2005 meta
1287 1971 1346 2006 suae
1355 1958 1502 2025 potestatis
1521 1957 1662 2026 proditum
1683 1974 1748 2022 esse,

981 2042 1029 2108 qai
1041 2038 1084 2090 dii
1096 2038 1182 2110 vulgo
1190 2036 1365 2104 haberentur,
1379 2057 1426 2092 eos
1438 2037 1661 2107 honrinessuissc
1674 2041 1754 2114 (Aug.

981 2123 1013 2180 C.
1035 2123 1166 2189 1).v[11,
1185 2121 1236 2195 5);
1251 2125 1381 2196 ipsosque
1394 2123 1476 2195 hujus
1495 2125 1619 2196 epistolae
1645 2125 1756 2180 fictores

982 2209 1084 2263 Leonis
1097 2208 1188 2262 Pellaei
1207 2211 1257 2281 qui
1270 2210 1373 2264 librum
1386 2229 1467 2265 suum
1486 2213 1647 2284 Olympiadi
1663 2215 1757 2267 inscri-

981 2297 1064 2368 psisse
1074 2293 1196 2362 videtur,
1207 2298 1322 2351 nomine
1335 2296 1373 2351 ad
1383 2296 1547 2370 fingendum
1557 2298 1680 2352 Leonem
1692 2299 1754 2352 bie-

981 2381 1149 2453 rophantam
1161 2383 1323 2455 AEgyptium
1336 2383 1437 2437 abusos
1450 2383 1584 2438 arbitror.
1603 2409 1615 2432 ν
1630 2385 1749 2440 Locrum

982 2467 1121 2542 Aglaoph.
1145 2483 1175 2539 p.
1198 2486 1279 2524 1000.
1298 2497 1339 2512 -
1357 2471 1526 2523 Nicanorem
1545 2470 1669 2542 intellige
1688 2490 1751 2525 eum

983 2555 1031 2626 qni
1039 2593 1047 2621 ‚
1055 2553 1137 2606 sicuti
1147 2554 1360 2622 Anchemachns,
1370 2550 1566 2627 Μετονομασίας
1576 2557 1694 2629 scripsit.
1708 2558 1752 2612 Cf.

982 2641 1092 2712 Fragin.
1109 2640 1179 2693 liist.
1195 2641 1261 2696 iler.
1276 2642 1355 2696 Alex.
1367 2660 1397 2713 p.
1417 2653 1480 2695 rso.

1022 2863 1110 2922 Clem.
1125 2865 1205 2921 Alex.
1217 2865 1321 2920 Strom.
1337 2867 1365 2934 1,
1383 2885 1429 2934 οι,
1443 2884 1473 2938 p.
1494 2867 1548 2938 139
1563 2866 1640 2938 Sylb.
1655 2887 1661 2921 :
1679 2865 1752 2925 Λέων

983 2948 1011 3006 di
1022 2951 1037 3004 b
1048 2948 1081 3006 sii
1096 2948 1163 3028 ssepi
1173 2953 1224 3008 τῶν
1238 2953 1296 3006 κατ’
1317 2947 1449 3026 Αἴγυπτον
1467 2955 1530 3008 θεῶν
1547 2953 1752 3028 πραγματιυαᾶν

984 3057 1060 3111 μενος
1083 3033 1129 3104 τὴν
1151 3026 1220 3094 Ἶσιν
1235 3035 1284 3093 ὑπὸ
1309 3035 1442 3105 Ἑλλήνων
1469 3036 1600 3117 Δήμητρα
1620 3037 1755 3097 καλεῖσθαί

984 3144 1071 3200 ρηοιν.
1095 3125 1201 3180 Eadem
1222 3143 1256 3180 ex
1279 3126 1367 3183 Clem.
1382 3126 1517 3181 Eusebius
1538 3128 1570 3183 P.
1587 3129 1618 3180 ii.
1642 3128 1682 3195 X,
1709 3147 1756 3193 ιο,

982 3229 1014 3283 P·
1029 3213 1147 3284 499213·

1023 3427 1185 3480 Tertullian.
1211 3428 1253 3480 De
1273 3445 1372 3481 coron.
1395 3428 1454 3484 mii.
1475 3447 1490 3496 7
1515 3431 1640 3484 :learns
1657 3442 1757 3502 scripta

983 3515 1102 3577 Μίνων,
1119 3517 1214 3585 prima
1225 3517 1282 3566 Isis
1292 3527 1416 3586 repertas
1427 3520 1518 3587 spicas
1528 3523 1621 3588 capite
1637 3523 1754 3568 circinn-

166 3653 195 3690 se
216 3633 321 3688 schotto
334 3636 478 3708 Apollonii
492 3633 596 3688 nhoaa
616 3634 668 3706 (n.
688 3633 725 3698 1)
747 3647 775 3688 et
791 3637 937 3708 Augustini
984 3602 1056 3653 “d“-

166 3723 236 3776 locis
253 3722 396 3776 concludit
413 3723 548 3793 scriptum
564 3739 634 3792 opus
647 3721 726 3798 luisse
745 3721 781 3774 ad
795 3722 937 3793 Olympia·

165 3809 232 3862 dem
254 3817 371 3862 matrem
395 3806 563 3873 Alexandri,
592 3806 671 3875 cujus
687 3807 859 3861 divinitatem
878 3809 937 3860 Leo

166 3896 250 3948 etiam
272 3893 371 3948 suade
390 3893 443 3947 diis
466 3893 594 3946 doctrina
616 3893 797 3964 comprobari
817 3894 936 3946 voluisse

165 3980 234 4034 mihi
253 3979 374 4036 videtur.
390 3979 460 4035 Vide
476 3989 536 4034 not.
558 3977 593 4031 ad
615 3978 841 4034 Pseudocaiiisth.
862 3981 937 4032 Prae-

166 4069 216 4122 sat.
231 4085 261 4140 p⁴
277 4067 361 4121 XIX.

458 4229 649 4288 PERIPLUS.

539 4347 563 4393 i.

199 4445 226 4490 tn
236 4444 294 4490 Ιῐιιο
302 4441 385 4490 monte
394 4439 544 4502 cephalenie
554 4439 635 4488 lanum
645 4443 681 4488 cst
692 4438 758 4487 lovis
768 4434 860 4497 AEneii;
872 4439 941 4498 cujus

167 4513 329 4564 muniuerunt
340 4517 406 4564 Leon
421 4517 446 4565 in
454 4516 585 4580 Periploet
593 4517 757 4566 Timosthenes
767 4519 802 4566 De
815 4516 938 4578 iiottubus.

541 4615 567 4664 5.

200 4711 265 4757 Leon
284 4707 364 4756 rhetor
379 4709 487 4760 Medeam
504 4711 562 4760 dicit
578 4723 626 4759 non
641 4713 757 4760 mactasse
773 4712 884 4770 tratrem,
900 4713 954 4760 seitv

169 4796 262 4833 sonmo
273 4782 407 4832 sustulisse.
491 4787 497 4798 '

357 4881 431 4938 LEO
454 4881 752 4942 ALABANDENSIS.

202 4987 405 5114 pp'agpehlestum
418 4988 481 5050 opud
498 4991 616 5052 Assyrios,
626 4991 687 5040 teste
698 4994 775 5042 Leone
786 4991 942 5042 Alabandensi

170 5079 194 5114 ιο
213 5079 219 5112 ι
249 5077 265 5112 o
325 5076 354 5110 io.

1352 3693 1380 3751 l.

1025 3807 1205 3878 Augustinus.
1222 3805 1281 3860 civ.
1297 3808 1332 3859 D.
1348 3807 1432 3877 Vlli,
1448 3825 1484 3875 27
1506 3827 1512 3860 ε
1530 3809 1573 3860 De
1581 3809 1658 3861 Iside
1671 3827 1759 3862 uxore

984 3895 1072 3946 Osiris·
1081 3903 1108 3945 et
1117 3893 1154 3944 de
1159 3896 1320 3964 parentibus
1326 3910 1419 3945 eoram
1426 3899 1474 3963 qai
1484 3913 1576 3947 ornnes
1586 3913 1664 3966 reges
1664 3893 1758 3963 fuisse

981 3978 1145 4043 scribuntur,
1154 3979 1253 4048 quibus
1255 3979 1422 4049 parentibus
1427 3983 1484 4031 suis
1491 3982 1543 4032 itta
1554 3999 1637 4050 quani
1647 3983 1758 4053 sacrifi-

956 4068 964 4116 Ι
982 4076 1074 4128 caret,
1089 4069 1189 4116 invenit
1201 4064 1297 4118 hordei
1307 4076 1425 4136 segetem
1437 4085 1446 4117 .·
1456 4085 1519 4138 qaae
1532 4079 1559 4120 ct
1569 4079 1673 4138 quanta
1680 4071 1758 4120 niala

1228 4228 1300 4287 tuo
1321 4228 1513 4290 PELLAEUS.

1192 4340 1238 4400 DE
1260 4339 1333 4398 mts
1354 4340 1550 4400 AEctt'rtts

1016 4455 1038 4494 1.
1059 4451 1159 4496 cosroes
1174 4447 1235 4494 libro
1244 4447 1321 4507 primo
1332 4450 1366 4496 De
1375 4448 1445 4497 rebus
1454 4449 1569 4509 egyptiis
1580 4454 1604 4498 et
1617 4453 1680 4499 beon
1697 4453 1758 4501 libro

984 4526 1061 4586 primo
1074 4532 1083 4585 t
1093 4529 1127 4574 De
1133 4525 1179 4573 diis
1188 4525 1302 4586 AEgyptiis
1311 4527 1319 4584 )
1333 4538 1406 4586 quon
1418 4527 1449 4574 ad
1458 4531 1559 4575 matrem
1570 4529 1579 4587 t
1590 4523 1732 4578 Alexandri
1738 4535 1757 4591 ?)

983 4603 1090 4664 scripsit,
1110 4607 1135 4652 et
1155 4603 1278 4653 Eudoxio
1296 4603 1357 4651 libro
1373 4605 1449 4664 primo
1474 4607 1677 4668 Geogrspliiarnm
1698 4609 1757 4658 Asin·

984 4679 1092 4726 omnium
1103 4679 1280 4739 souquissimos
1291 4691 1343 4732 csse
1359 4681 1480 4741 AEgyptios
1492 4681 1590 4742 dicunt,
1609 4684 1758 4744 primamque

985 4755 1010 4802 in
1026 4757 1127 4816 Egypto
1144 4755 1227 4802 urbem
1241 4754 1335 4803 Thebas
1353 4757 1484 4806 conditam.
1500 4759 1648 4815 Quibuscum
1660 4773 1747 4808 consen

984 4833 1049 4881 tiunt
1058 4833 1161 4881 Nicanor
1172 4837 1196 4880 et
1207 4833 1382 4882 Arclesnachus
1394 4834 1418 4881 in
1428 4835 1613 4885 ttetonomasiis.

1355 4917 1381 4963 2.

1018 4993 1135 5054 Leonum
1155 4993 1244 5042 bediis
1259 4994 1373 5054 AEgyuiis
1391 4996 1516 5056 exposuit,
1536 4995 1621 5045 isidem
1639 4999 1757 5046 aeratis

988 5071 1121 5117 Demetrem
1130 5069 1243 5130 appellari
1256 5069 1321 5118 dicit.
