3834 5767
747 321 1223 458 ANDRONES.

852 654 1134 690 -ψ--ι

237 879 386 947 Androncs
408 887 603 962 distinguimus
628 895 774 959 quattuor,
801 884 967 957 Ephesium,
1014 881 1074 936 duo
1091 881 1225 936 exhibent
1237 879 1402 954 hagaeno.
1415 882 1546 951 Quorum
1561 882 1682 936 alterum
1696 893 1740 936 est
1754 883 1795 938 de
1890 886 1892 896 ²

190 974 586 1046 naticnnmcnsenmejmn,
598 969 831 1029 Menandrinum.
840 971 969 1041 Quorum
1013 963 1277 1042 Oceaniprosapia(
1284 967 1319 1024 fr.
1339 966 1384 1042 r);
1397 968 1487 1022 altero
1498 969 1592 1042 agitur
1607 967 1645 1024 de
1655 968 1798 1042 proedria
1890 972 1891 981 ’

190 1065 315 1118 omnium
328 1064 440 1118 enotavi
448 1060 611 1136 fragmenta,
620 1059 669 1114 etsi
681 1057 816 1130 Ephesius
826 1057 874 1112 ille
884 1068 968 1130 atque
1014 1053 1225 1108 Atheniensium
1245 1052 1369 1108 inludis
1390 1053 1526 1127 isthmiis,
1541 1071 1629 1126 qnos,
1643 1055 1687 1108 uti
1704 1051 1798 1110 ἔνιοῖ

190 1141 965 1222 Tejusexinstitutinostrirationeomittipottrisscnt(*).
1013 1159 1101 1216 φασιν,
1114 1139 1234 1194 Theseus
1247 1134 1290 1193 td
1302 1134 1350 1207 τὴν
1361 1136 1511 1214 συγγένειαν
1522 1141 1575 1212 ipsi
1585 1157 1651 1195 cum
1664 1138 1790 1198 Scirone
1890 1142 1891 1145 ’

229 1237 345 1291 Andron
357 1233 495 1308 Ephesius
507 1249 636 1306 expresse
652 1233 755 1288 citatur
772 1231 841 1286 locis
855 1228 969 1284 duobus
1013 1225 1235 1282 intercedentem
1248 1225 1368 1280 institnit
1381 1223 1438 1300 (ir.
1456 1225 1521 1299 ιθ).
1537 1228 1615 1282 inter
1625 1224 1707 1291 luisse
1730 1229 1798 1283 illos
1890 1234 1892 1247 '

192 1311 248 1388 (ir.
262 1331 280 1370 a
293 1324 323 1370 et
335 1311 385 1386 5),
397 1329 469 1386 quos
480 1311 654 1384 comparanti
668 1329 732 1365 cum
744 1311 777 1364 iis
788 1327 850 1382 qnae
862 1307 899 1362 fr.
914 1326 925 1362 r
940 1318 968 1362 et
1012 1313 1072 1386 ipse
1097 1312 1181 1366 etiam
1199 1311 1284 1366 suerit
1300 1311 1420 1368 Andron
1440 1313 1697 1369 llalicaruassensis.
1719 1316 1796 1370 Rem

190 1401 208 1457 6
221 1420 257 1456 ex
276 1401 395 1475 Thrpode
407 1400 546 1454 Andronis
559 1397 727 1466 afferuntur,
741 1396 819 1450 nulla
831 1394 967 1466 relinqui·
1013 1399 1169 1454 meaverit
1177 1399 1208 1452 in
1218 1415 1321 1472 opere,
1331 1397 1410 1471 qnod
1422 1400 1587 1472 inscriptum
1597 1409 1658 1454 erat
1671 1397 1796 1475 Συγρέ.
1890 1426 1891 1433 ν

189 1499 236 1544 tur
249 1487 402 1557 dubitatio,
414 1487 483 1560 quin
491 1495 590 1540 auctor
601 1483 684 1556 hujus
697 1483 791 1556 operis
804 1483 839 1537 sit
847 1479 969 1536 Andron
1013 1505 1105 1541 νειαι.
1118 1485 1222 1542 Earum
1236 1485 1308 1540 liber
1327 1497 1444 1542 octavus
1457 1485 1494 1543 de
1505 1487 1687 1542 Phorbanteo
1702 1489 1796 1544 Athe·
1890 1526 1891 1555 ρ

174 1601 178 1612 ·
189 1576 334 1648 Ephesius.
349 1577 553 1648 Arguunentum
563 1571 723 1644 scriptionis
734 1568 771 1625 de
786 1579 893 1642 septem
907 1577 968 1622 erat
1012 1573 1149 1628 niensium
1158 1569 1261 1626 citatur
1269 1571 1305 1626 fr.
1322 1573 1475 1645 ro.0peris
1484 1573 1548 1628 satis
1561 1574 1647 1647 ampli
1656 1573 1718 1646 ipse
1730 1579 1796 1628 An·

190 1661 376 1734 sapientibus,
395 1660 493 1714 titulus
513 1678 530 1714 a
547 1657 661 1730 tripode
684 1659 737 1712 isto
756 1657 892 1729 repetitus
910 1673 968 1710 esse
1013 1659 1102 1726 dron,
1115 1659 1196 1713 sicuti
1203 1657 1796 1734 AtthidissuaePhilochoms,coniecitepi-

191 1747 313 1816 videtur,
329 1747 378 1820 qui
396 1747 562 1818 sapientium
577 1743 729 1798 destinatus
744 1753 804 1798 erat
819 1742 967 1814 sapientis·
1012 1758 1112 1815 mmen,
1126 1763 1161 1800 ex
1171 1763 1226 1818 qun
1236 1744 1272 1800 de
1281 1754 1371 1800 matre
1380 1747 1486 1800 Iasonis
1497 1746 1626 1819 quiedam
1635 1747 1796 1802 afferuntur

191 1836 273 1890 simo.
291 1863 331 1874 —
347 1833 464 1904 Scripsit
475 1841 584 1898 auctor,
603 1837 752 1900 autequam
764 1829 967 1902 Theopompus
1012 1833 1047 1890 fr.
1066 1830 1112 1889 15.
1130 1862 1170 1874 -
1182 1833 1223 1888 Ut
1233 1849 1300 1886 vero
1315 1831 1481 1888 Αιιᾱνοινεινι
1492 1834 1764 1890 Halicarnassensem
1778 1853 1795 1888 a

191 1921 347 1994 Philippica
363 1937 411 1974 sua
425 1917 586 1974 absolvisset
610 1913 692 1987 (vide
713 1914 748 1969 fr.
769 1913 818 1989 6).
836 1917 968 1986 Quamvis
1012 1918 1171 1994 Συγγινιιῢν
1180 1927 1295 1974 anctore
1305 1935 1366 1973 uon
1372 1917 1513 1974 diversum
1524 1938 1582 1975 esse
1592 1931 1736 1993 putemus,
1747 1922 1793 1975 vel

191 2007 265 2062 enim
275 2025 337 2080 quae
346 2005 382 2060 de
391 2005 473 2060 hirtis
483 2001 660 2075 Theopompi
670 2001 844 2074 Porphyrius
857 2001 965 2075 prodit,
1012 2004 1043 2062 id
1051 2005 1168 2062 suadere
1176 2004 1300 2074 videbar,
1312 2004 1393 2078 quod
1404 2016 1433 2061 et
1443 2006 1477 2061 fr.
1488 2005 1522 2061 13
1529 2018 1558 2062 et
1569 2006 1605 2063 ir.
1615 2025 1650 2062 ro
1660 2007 1795 2062 Androni

191 2093 266 2150 haud
280 2093 375 2167 magni
385 2091 517 2165 equidem
530 2090 640 2156 faciam,
653 2097 747 2143 tamen
759 2087 795 2142 cd
807 2097 967 2164 temporum
1008 2093 1139 2168 jungitur
1148 2092 1316 2148 Hellanicus
1328 2091 1410 2148 ldem
1423 2095 1668 2166 quumlactumsit
1681 2093 1717 2151 ir.
1733 2113 1750 2148 a
1764 2105 1793 2148 et
1890 2118 1892 2152 t

191 2181 313 2236 rationes
325 2197 390 2234 curn
400 2179 431 2241 in
444 2188 604 2234 commento
618 2177 671 2232 isto
683 2173 831 2232 artendse
845 2194 966 2232 consen-
1012 2180 1224 2252 6,haecquoque
1230 2178 1323 2235 eidem
1328 2179 1627 2235 Androniascrihenda
1637 2197 1695 2235 erse
1708 2179 1795 2236 facile

190 2277 303 2322 tansum
322 2276 373 2322 est.
390 2267 521 2322 Ceterum
535 2273 641 2338 quiante
660 2263 875 2336 Theopompum
888 2273 967 2319 aetnte
1011 2265 1159 2326 concedes.
1170 2267 1281 2341 Fragor.
1300 2264 1472 2322 15soctat1u
1486 2266 1642 2339 Pherecydi
1653 2278 1683 2322 et
1697 2269 1794 2322 Hero·

191 2353 310 2408 Andron
320 2354 503 2428 superaverit,
512 2351 665 2407 accuratius
675 2349 731 2405 dici
740 2351 846 2422 nequit.
855 2352 967 2408 Jonsius
1012 2353 1094 2409 doro.
1104 2355 1214 2426 Fragm.
1226 2372 1261 2409 ra
1274 2351 1332 2418 τοὺς
1343 2350 1392 2422 τὴν
1405 2350 1508 2412 Ἀτθίδα
1519 2351 1719 2431 συγγράψαντα
1732 2351 1794 2417 rosi<

191 2439 200 2516 (
209 2441 269 2498 Scr.
290 2439 355 2496 hist.
375 2439 446 2513 phil.
466 2441 495 2509 1,
510 2436 543 2506 θ,
565 2433 600 2512 a)
622 2435 745 2509 Philippi
763 2437 890 2509 Amyntae
915 2436 967 2492 lilii
1012 2459 1040 2514 γι
1051 2437 1129 2515 λόγου
1140 2437 1225 2505 ἀξίους
1235 2440 1359 2495 excitam
1371 2440 1475 2496 Strabo
1491 2441 1660 2494 nominatim
1674 2439 1794 2496 adducit

190 2528 324 2600 aequatem
343 2527 425 2582 fuisse
443 2535 591 2592 asseverat,
604 2523 684 2579 nulio
700 2533 793 2578 tamen
806 2524 870 2579 satis
882 2521 966 2580 firmo
1012 2523 1411 2584 testimoniaAndronisnosmi
1420 2535 1449 2580 et
1456 2525 1629 2582 Philochori.
1636 2527 1738 2598 Neque
1749 2537 1794 2580 ta·

192 2633 258 2669 usus
271 2624 449 2690 argumento.
463 2613 573 2668 Scilicet
586 2627 671 2684 quem
690 2609 859 2682 Apollonius
872 2605 880 2686 [
892 2610 965 2667 nist.
1012 2630 1078 2668 men
1091 2610 1235 2668 Atthidem
1246 2609 1416 2666 Andronisa
1430 2610 1590 2686 Συγγννειῶν
1601 2629 1688 2684 opere
1703 2611 1795 2683 sejun-

189 2701 256 2756 Mir.
271 2717 296 2756 c.
314 2697 354 2775 8)
367 2697 463 2754 laudat
474 2691 606 2773 Ἄνδρωνα
621 2696 649 2752 ἐν
661 2693 683 2750 δ’
692 2695 743 2750 τῶν
755 2689 818 2770 πρὸς
831 2691 966 2752 Φίλιππον
1012 2709 1085 2753 ctam
1101 2699 1183 2754 titisse
1201 2715 1312 2756 censeo.
1333 2699 1395 2752 lmo
1406 2697 1647 2770 quemadmodum
1655 2699 1795 2754 Hellanici

191 2787 296 2856 θυσιῶν,
308 2786 459 2859 Ephesium
473 2801 529 2839 esse
543 2783 652 2856 statuit,
667 2782 717 2854 qui
729 2799 800 2855 opus
813 2779 849 2836 de
862 2780 968 2837 sucrifi—
1012 2786 1103 2840 Atthis
1114 2796 1286 2858 postremam
1292 2795 1402 2858 partem
1411 2783 1792 2856 coustituitmajorisoperis‚

191 2875 241 2929 ciis
251 2873 288 2929 ad
303 2873 464 2946 Philippum
480 2887 574 2944 regern
584 2870 736 2943 scripserit.
755 2867 896 2940 Equidem
916 2871 967 2924 etsi
1012 2869 1092 2944 quod
1104 2873 1186 2927 omni
1196 2872 1389 2940 Phoroneum,
1403 2871 1622 2928 Deucalioneam
1633 2881 1663 2925 et
1672 2872 1793 2926 Atlanti·
1890 2880 1891 2935 l

191 2959 352 3032 Philippum
363 2958 439 3018 htuc
453 2973 510 3011 etse
524 2953 615 3009 filium
628 2956 756 3028 Amyntae
769 2955 968 3024 concesserim,
1013 2957 1078 3015 dem
1087 2959 1266 3027 continebat,
1278 2957 1405 3014 similiter
1419 2957 1540 3014 Andron
1552 2975 1614 3012 rem
1625 2959 1791 3026 instituerit,
1890 2978 1891 2981 ¹

192 3063 264 3118 opus
285 3055 378 3100 tamen
398 3041 434 3098 de
460 3039 601 3097 sacrificiis
628 3040 665 3096 ad
691 3041 777 3095 alium
802 3039 968 3097 Andronem
1013 3063 1098 3118 quern
1112 3045 1249 3102 Hellanici
1267 3045 1383 3118 vestigia
1400 3062 1458 3116 pras
1476 3046 1576 3099 ceteris
1587 3054 1716 3099 secutum
1730 3063 1791 3100 esse
1890 3094 1891 3119 ρ

190 3131 290 3203 majori
303 3149 367 3186 eum
376 3127 625 3184 verisimilitudinis
635 3127 727 3200 specie
740 3125 840 3182 referri
853 3145 965 3182 censeo.
1013 3131 1559 3198 omniamadenelraveroutstamamus‚
1566 3131 1794 3203 facifflarpoffl.

230 3218 345 3272 Andron
366 3217 447 3286 chus
470 3215 580 3289 scripsit
601 3213 754 3287 l‘eriplum.
778 3214 889 3268 Nomen
909 3213 969 3286 ejus
1013 3220 1096 3274 tionis
1109 3221 1187 3274 locus
1202 3217 1254 3293 (ir.
1274 3217 1431 3293 rr),unde
1444 3236 1507 3290 quae
1520 3217 1556 3272 ad
1571 3218 1791 3291 antiquissimam

191 3304 335 3379 scriptoris
356 3304 385 3358 in
405 3298 530 3379 Ἀκαρίων
551 3311 717 3374 corruptum
739 3317 796 3356 esse
816 3301 898 3356 statui
918 3319 966 3375 ap.
1013 3305 1617 3378 Atheniensiumhistoriarnpertinent‚eain
1624 3301 1791 3379 Σνργενείαις

192 3391 282 3448 schol.
302 3390 399 3464 Apoll.
420 3388 477 3444 illu
500 3389 544 3456 Il,
572 3385 636 3442 ι68.
656 3384 740 3459 Quod
758 3388 780 3442 si
795 3405 894 3442 rerum
914 3400 970 3462 est,
1015 3393 1101 3466 inque
1120 3403 1221 3448 octavo
1234 3390 1348 3447 demum
1364 3409 1461 3447 earum
1482 3389 1556 3446 libro
1570 3391 1697 3463 exposita
1709 3387 1792 3446 fuisse

193 3479 319 3552 sequitur
332 3475 497 3532 Andronern
518 3471 680 3547 Nymphide
694 3473 866 3529 Heracliensi
886 3473 968 3533 fuisse
1016 3480 1158 3536 discimus.
1183 3480 1388 3535 Antecesseriut
1410 3479 1496 3552 igitur
1516 3495 1577 3549 quae
1602 3487 1728 3548 spectum
1754 3475 1792 3531 ad

192 3565 390 3638 antiquiorem.
402 3565 452 3631 Ac,
462 3562 515 3616 nisi
529 3562 639 3635 egregie
651 3560 743 3629 fallor,
756 3561 861 3632 Peripli
872 3573 973 3620 auctor
1015 3567 1159 3622 historiam
1172 3566 1368 3623 Deucalioneae
1374 3564 1510 3639 prosapias
1521 3563 1571 3637 (ir.
1588 3561 1678 3636 ¹···²i
1688 3603 1696 3630 ,
1707 3571 1791 3636 atque

193 3652 270 3709 idem
283 3663 325 3707 est
337 3667 401 3706 cum
415 3647 551 3706 Androne
563 3646 649 3718 Tejo,
663 3647 775 3703 Cebalei
789 3644 865 3718 filio,
887 3667 972 3722 quem
1015 3655 1125 3726 reliqua
1141 3654 1244 3726 partim
1264 3652 1460 3726 genealogica,
1470 3651 1574 3724 partim
1587 3650 1788 3724 geographica,

193 3741 324 3797 comitem
350 3735 504 3794 Alexandri
526 3737 566 3793 Μ.
590 3745 673 3807 atque
693 3753 782 3790 unum
798 3753 832 3790 ex
853 3735 973 3794 ducibus
1016 3739 1260 3814 quaegenealogiis
1273 3737 1374 3794 eodem
1389 3755 1447 3810 qno
1458 3733 1619 3791 Hellanicus
1630 3734 1725 3790 studio
1736 3737 1789 3788 inr-

192 3826 376 3901 navigationis
389 3823 493 3880 Indicae
504 3821 586 3878 luisse
596 3821 724 3876 novimus
736 3839 772 3878 cx
783 3822 895 3878 Arriani
905 3824 970 3879 Iud.
1015 3825 1165 3880 miscuerit.
1182 3825 1272 3879 Porro
1291 3825 1322 3877 in
1340 3841 1376 3878 eo
1401 3822 1520 3878 Andron
1539 3821 1636 3876 similis
1652 3821 1790 3877 Hellanici

193 3933 218 3973 c.
236 3913 285 3984 18,
301 3931 330 3984 p.
1018 3909 1101 3966 fuisse
1113 3910 1236 3978 videtur,
1252 3908 1333 3982 quod
1345 3893 1649 3982 reliquorumTiraeciae
1663 3909 1790 3980 populo·

235 4001 352 4056 Andron
375 4000 602 4063 Alexandrinus,
629 3995 835 4052 chronicorum
860 4007 969 4067 auctor,
1015 4015 1079 4052 rum
1097 3997 1248 4070 mythicam
1266 4005 1374 4050 tantum
1388 3995 1534 4050 historiam
1550 4004 1713 4066 persecutus
1733 4003 1786 4063 est,
1890 4012 1891 4023 ν

195 4089 240 4144 vel
254 4099 317 4163 post
335 4088 517 4144 Ptolemaeum
533 4085 587 4142 vn
600 4085 671 4140 uixit
690 4085 735 4140 vel
752 4085 865 4157 aequalis
884 4084 969 4156 hujus
1014 4085 1045 4138 in
1062 4083 1272 4141 Atheniensium
1285 4099 1353 4137 vero
1366 4082 1450 4136 rebus
1470 4081 1507 4136 ad
1518 4081 1651 4135 historica
1662 4091 1788 4153 tempora

194 4177 268 4251 regis
286 4175 349 4231 luit.
372 4175 451 4230 Patet
467 4191 511 4230 res
525 4191 559 4229 ex
581 4189 640 4227 uno
660 4170 739 4246 quod
757 4183 882 4244 superest
896 4171 972 4246 frag·
1015 4182 1043 4226 et
1055 4169 1092 4226 ad
1104 4186 1278 4242 suammque
1291 4179 1399 4223 aetatem
1413 4167 1566 4224 descendit.
1582 4167 1663 4222 Certe
1676 4169 1788 4221 unicum
1890 4226 1891 4237 2

193 4275 301 4320 mento.
1016 4255 1219 4331 fragmentum,
1237 4254 1316 4328 quod
1337 4254 1374 4309 ad
1393 4255 1492 4310 saecula
1503 4255 1625 4309 historin
1640 4255 1703 4309 luce
1716 4255 1787 4309 clara

235 4353 375 4406 Andronis
387 4351 640 4405 Halicarnassensis
653 4347 784 4403 disertam
797 4347 970 4402 mentionem
1014 4344 1136 4417 pertinet
1150 4342 1205 4411 (ir.
1224 4348 1257 4407 rt.
1269 4342 1296 4416 l,
1310 4341 1347 4398 de
1362 4341 1509 4398 Alcibiade
1522 4341 1691 4396 Atheniense
1702 4343 1767 4414 agit.

1053 4427 1139 4504 Apud
1152 4429 1241 4484 schol.
1260 4430 1345 4484 Hom.
1359 4426 1409 4504 (ir.
1426 4425 1459 4501 5)
1469 4467 1480 4500 ,
1492 4427 1542 4481 ubi
1554 4426 1590 4482 dc
1604 4426 1684 4482 Sellis
1697 4443 1786 4481 sermo

228 4517 260 4580 (*)
277 4516 343 4567 Alios
357 4515 481 4566 Andronss
495 4515 590 4565 invenio
607 4514 672 4564 hos:
690 4512 971 4569 omonimum
1014 4528 1069 4586 est,
1091 4513 1350 4589 quosams'ssopag
1368 4516 1510 4568 nomem,
1535 4524 1633 4580 vocat,
1660 4512 1788 4568 laudam

195 4585 539 4708 ibdlrbitdbiffllibtfide'aap·
551 4582 971 4714 ghidffindldsgffivpffiffl
1013 4595 1128 4678 Ἄνδρων
1141 4602 1168 4657 ἐν
1179 4601 1236 4663 ταῖς
1250 4596 1437 4677 Ἱστορίαις.
1452 4597 1649 4672 Quasquidem
1655 4599 1787 4654 flietorp,

195 4727 292 4777 χοηι,
301 4729 321 4786 1,
331 4666 509 4784 matrimi,
517 4667 557 4784 Rp
568 4688 709 4771 gphffloeu'm
720 4723 773 4780 xv,
781 4733 805 4782 p,
814 4687 859 4771 6ᾗο
870 4723 902 4782 ὓς
913 4689 969 4772 001]
1014 4707 1066 4744 cur
1074 4689 1219 4744 diversasa
1228 4687 1485 4761 Συγγννειῶνορεῐε,
1495 4685 1644 4740 velabnlio
1654 4682 1786 4741 Androne

195 4807 248 4845 sum
261 4797 292 4856 ν,
303 4799 341 4844 no.
354 4795 397 4854 iv,
410 4795 437 4842 n
448 4794 474 4840 u
488 4795 529 4852 1s;
545 4789 662 4840 euenum
679 4791 748 4851 inp.
764 4793 820 4848 ns,
837 4796 893 4850 sss,
910 4794 969 4853 iss,
1013 4775 1152 4850 protectas
1163 4786 1368 4848 coepissemus,
1379 4791 1489 4828 causam
1501 4772 1634 4828 idoneam
1643 4771 1783 4828 desidero.

197 4867 307 4926 20231V,
318 4877 342 4926 P·
350 4867 391 4924 90,
402 4866 442 4921 98,
453 4858 778 4923 ¹9¹.²¹⁰»²l⁸3³l³·lhefit¹m
784 4857 858 4918 med,
870 4858 969 4909 Andro·
1052 4863 1189 4917 Praeterea
1195 4859 1231 4916 ad
1242 4858 1407 4915 Andronem
1414 4859 1684 4913 Halicarnassensem
1695 4858 1784 4913 refero

195 4926 970 5057 fffl'gffigoffietfflffimggbmgquq‚spierppi
1013 4949 1101 5004 libros
1123 4945 1190 5024 Περὶ
1210 4947 1315 5015 θυσιῶν,
1340 4965 1411 5019 quos
1436 4956 1536 5000 auctor
1562 4943 1703 5000 dedicarit
1722 4947 1786 4999 Phi.

194 5041 270 5124 pofipg
279 5071 431 5134 magistrum,
442 5037 480 5131 ap„
492 5049 653 5130 capitolinum
669 5069 742 5117 Mam
754 5067 790 5117 cs·
801 5035 967 5116 pompus'ffisg
1014 5036 1092 5108 lippo
1108 5033 1156 5108 (ir.
1171 5033 1232 5108 16).
1247 5033 1367 5089 Eosdem
1378 5030 1650 5087 lonsiusviudicarit
1660 5031 1784 5087 Androni

194 5144 259 5206 phi
287 5145 348 5202 8‚2.
478 5191 482 5200 ‚
1015 5123 1152 5194 Ephesio,
1173 5121 1220 5193 qui
1240 5123 1281 5175 De
1296 5131 1400 5193 septem
1423 5119 1591 5192 sapientibus
1614 5119 1731 5194 scripsit.
1750 5125 1784 5172 At
