3834 5767
824 380 1072 441 FRAGMENTA.

186 508 211 583 γ’
230 506 379 573 Taxilen<
390 507 436 578 ἔτη
449 507 491 585 ιγ’.

188 592 275 670 'Opti
289 595 343 671 pt'.

187 738 288 794 Euseb.
301 737 405 793 Chron.
418 754 447 809 p.
462 735 514 791 103
528 754 536 790 s
555 738 822 793 Vlcerimosecundo
830 739 923 810 dyna-

146 830 204 877 κὶα
213 825 419 878 subamarum
429 826 596 894 IIImgum.
899 841 903 849 '

186 910 765 987 Sesonchosisanm'sXXI(urii-1163).

189 997 324 1053 Osortdon
333 998 487 1051 annisXV
501 994 710 1075 (radi-1178).

191 1083 350 1139 Tacelothis
362 1090 444 1138 annis
453 1086 541 1138 XIII
553 1082 738 1157 (1179·1r9r
750 1083 770 1158 l.

188 1172 304 1227 Summa
314 1188 447 1225 annorum
458 1170 566 1225 XLIX
578 1170 724 1245 (Samuelis
736 1188 743 1227 :
760 1170 821 1245 29).

189 1325 298 1380 Nomen
312 1322 487 1378 Sesonchosis
503 1322 535 1377 in
554 1322 669 1378 Canone
690 1333 719 1378 et
737 1324 808 1379 serie
827 1340 925 1397 regum

148 1412 226 1466 varie
237 1421 366 1466 exaratur
377 1429 384 1465 :
404 1409 592 1481 Sysoncbosis,
615 1410 784 1477 Semeoorr‘s,
795 1410 926 1464 Senseoo-

149 1517 210 1563 rur,
229 1498 374 1553 Senscon's.
389 1496 474 1569 Apud
489 1498 692 1569 Hieronymum
706 1498 736 1550 in
749 1496 834 1552 codd.
853 1515 926 1551 nou-

149 1584 234 1639 nullis
247 1585 330 1639 etiam
341 1584 401 1637 haec
411 1593 546 1637 notantur
558 1602 565 1638 :
580 1584 669 1653 Hujus
685 1583 825 1638 Senscorir
835 1586 926 1657 AEgy-

147 1677 205 1743 prii
214 1676 290 1741 regis
300 1682 384 1743 pater
389 1667 453 1740 suit
471 1670 589 1742 Siparis.
609 1672 688 1723 Hunc
699 1667 801 1739 sterant
815 1672 926 1743 quidam

146 1769 335 1831 postmortem
346 1757 383 1810 ab
402 1758 633 1830 AEgrptiisdeum
650 1769 835 1829 nuncupatem
847 1775 926 1811 eum-

150 1862 204 1917 que
217 1843 339 1918 Sarapin
356 1845 536 1917 appellatum.
549 1845 626 1898 Patet
638 1843 697 1897 baec
713 1843 803 1897 aliena
820 1861 877 1897 esse
890 1842 926 1897 ab

150 1932 293 1987 hocloco.
309 1932 464 1987 Fluxerunt
472 1948 540 1985 vero
549 1929 625 1984 haud
637 1928 723 1984 dubie
734 1948 769 1985 ex
782 1947 817 1983 eo
828 1939 925 1984 aucto·

150 2035 198 2086 re,
212 2034 297 2089 quem
315 2016 459 2090 syncellus
473 2018 607 2089 sequium
620 2019 647 2071 ls
666 2018 740 2071 enim
761 2018 834 2071 inter
849 2035 928 2091 reges

151 2102 358 2175 antiquissimos
379 2104 497 2175 septimo
515 2104 580 2158 loco
599 2104 683 2175 ponit
700 2098 816 2179 Σὲραπιν
836 2099 926 2177 (Ὠσι·

149 2186 227 2265 poris
248 2189 313 2245 cod.
338 2188 377 2264 Β)
400 2208 466 2244 cum
492 2190 572 2245 aunis
593 2187 646 2258 23,
666 2190 713 2243 oui
732 2188 856 2245 succedit
876 2190 928 2246 Σι-

150 2271 288 2351 &nurse

191 2364 235 2416 De
248 2361 385 2429 Eusebio,
396 2362 445 2433 qni
455 2362 568 2416 nonnisi
579 2372 635 2415 tres
647 2378 727 2433 reges
737 2360 855 2432 opponit
868 2378 926 2429 eos,

152 2464 276 2518 quorum
289 2448 404 2501 nomina
423 2446 569 2502 Africanus
592 2447 724 2519 apponit,
740 2445 834 2501 dicere
857 2447 927 2500 nihil

152 2534 261 2602 babeo,
271 2535 323 2588 nisi
337 2532 416 2605 quod
426 2533 484 2604 jam
495 2534 542 2588 alii
560 2550 622 2587 rem
634 2532 735 2588 eodem
746 2531 834 2587 modo
848 2532 929 2587 ador·

152 2632 298 2678 nareraut.
311 2622 382 2675 Nam
403 2613 674 2693 Syncelluslp.177
695 2631 724 2675 et
746 2618 817 2693 184)
836 2620 866 2673 in
876 2638 927 2674 suo

153 2724 252 2781 regum
262 2708 398 2762 laterculo
409 2716 474 2780 post
485 2708 642 2761 Psammum
651 2705 685 2776 (i.
701 2724 727 2761 e.
742 2697 927 2774 Psusennem,

153 2810 249 2867 regem
263 2804 437 2866 postremum
458 2791 590 2865 dynastiae
602 2787 691 2868 XXI)
713 2802 837 2848 recenset
849 2808 930 2868 reges

155 2890 210 2935 tres
221 2879 305 2935 hosce
318 2898 325 2934 z

211 3033 471 3115 ’π.1(όγχαρις..
500 3081 508 3096 .
539 3076 708 3097 ......
735 3054 836 3095 ‚amat

233 3122 500 3201 72'0ooptbs...
534 3169 541 3182 .
572 3170 579 3183 .
711 3165 750 3181 ..
812 3140 837 3181 rr

234 3228 271 3270 π.
293 3211 451 3289 Τακαλῶφις
451 3249 716 3270 .........
744 3250 754 3267 .
815 3226 840 3266 rs

814 3331 851 3378 ts,

196 3473 281 3548 Apud
291 3473 453 3530 Africanum
458 3491 575 3543 mmma,
584 3490 668 3547 mam
676 3490 710 3529 ex
716 3474 830 3549 singolis
839 3476 932 3549 regnis

157 3561 334 3630 conficimus,
355 3579 493 3616 annorum
515 3571 555 3616 est
577 3560 641 3615 116.
656 3563 719 3634 lpse
743 3572 842 3616 auctor
862 3580 930 3634 sup-

156 3651 266 3724 putavit
284 3666 372 3703 annos
385 3665 450 3706 rao.
467 3649 687 3721 Discrepantiam
703 3648 932 3703 hancBoeckhius

156 3738 196 3795 ita
207 3734 359 3790 tollendam
373 3752 427 3790 esse
439 3744 532 3808 putat,
542 3744 575 3789 ut
591 3735 704 3809 regibus
717 3736 816 3803 tertio,
830 3744 930 3806 quarto

158 3833 186 3877 et
200 3824 381 3897 quinto,pro
399 3824 478 3878 annis
499 3819 538 3877 κε’
558 3821 750 3877 adscribantur
763 3817 814 3875 xii.
841 3822 930 3877 Facil-

158 3910 224 3963 lime
245 3910 321 3963 enim
338 3907 446 3963 literar
468 3907 548 3963 abire
569 3909 664 3982 potuit
685 3908 715 3961 in
728 3908 837 3961 literam
855 3908 880 3961 1,
892 3936 932 3950 -

158 3997 287 4051 Ceterum
308 3994 484 4050 Sesonchidis
498 3996 567 4069 regis
585 4012 673 4049 annus
688 3996 795 4067 primus
810 4012 845 4049 ex
859 3994 932 4050 Afri-

68 4084 71 4087 ’
159 4083 221 4136 cani
232 4090 365 4153 computo
380 4092 421 4135 est
434 4079 490 4153 934
501 4100 527 4138 a.
541 4082 573 4140 C.
588 4081 658 4137 Cum
670 4081 713 4135 his
725 4098 785 4135 non
800 4079 932 4152 quadrat,

160 4166 240 4239 quod
252 4166 394 4221 lloboami
402 4167 475 4240 regis
492 4185 566 4221 anno
589 4170 689 4240 quinto
702 4168 787 4222 Sesak
801 4168 846 4221 vel
858 4167 932 4222 Sisac

159 4254 205 4307 vel
218 4251 344 4307 Susakim
355 4250 364 4327 (
374 4252 397 4306 is
406 4252 482 4307 enim
499 4262 539 4307 est
549 4252 695 4308 Sesonchis
710 4252 817 4325 noster)
830 4254 933 4307 Hiero-

160 4340 266 4412 solyma
279 4339 382 4411 cepisse
394 4339 425 4392 in
430 4340 513 4393 sacris
521 4339 599 4394 libris
608 4340 780 4413 perhibetur.
791 4341 863 4395 llam
874 4341 933 4394 Ro-

159 4425 255 4481 boami
271 4442 359 4480 annus
376 4425 498 4499 quintus,
508 4425 557 4479 etsi
576 4427 656 4480 vario
677 4426 765 4481 modo
778 4443 795 4480 a
808 4424 934 4479 chrono-

161 4512 233 4586 logis
249 4511 435 4579 constituitur,
448 4520 542 4565 tamen
556 4528 591 4564 ex
614 4511 693 4565 nullo
713 4521 848 4583 computo
870 4521 935 4583 post

161 4614 266 4651 annum
279 4593 336 4668 958
350 4614 378 4653 a.
389 4596 420 4654 C.
431 4596 580 4669 ponendus
587 4608 637 4653 est.
652 4596 770 4652 Videtur
783 4599 869 4670 igitur
883 4598 932 4651 Se·

161 4683 302 4738 sonchidis
312 4700 431 4756 regnum
446 4684 529 4757 longe
548 4685 622 4739 ultra
636 4702 722 4739 annos
734 4686 800 4738 istos
814 4702 866 4751 ar,
885 4685 934 4755 qui

163 4768 243 4842 apud
257 4769 421 4823 Africanum
431 4770 457 4823 ei
469 4768 642 4838 tribuuntur,
650 4788 707 4825 esse
718 4768 934 4825 extendendum.

162 4858 258 4928 anue
272 4856 392 4928 suspicio
406 4853 589 4911 confirmatur
600 4855 682 4929 inde,
697 4855 775 4927 quod
789 4856 818 4908 in
831 4874 934 4909 monu-

1684 392 1736 442 591

968 529 985 566 a
1006 509 1125 582 Trojana
1150 510 1258 582 epocha
1288 508 1411 566 Africani
1433 510 1586 565 Manethon
1611 510 1742 581 exhibet,

970 595 1197 653 mutationibus
1221 613 1404 651 numerorum
1419 596 1585 650 traditorum
1601 596 1743 651 abstinen-

969 683 1038 739 dum
1051 694 1098 739 est
1114 684 1154 739 Ut
1166 684 1347 737 nihilominus
1360 693 1454 737 tamen
1467 700 1543 737 sacra
1560 682 1743 758 chronologia

969 789 1032 825 cum
1044 770 1219 825 Manethonis
1230 770 1370 825 latermrlis
1389 780 1524 841 quantum
1542 768 1600 841 ejus
1613 766 1674 823 fieri
1686 789 1744 844 po-

969 867 1020 911 test
1034 858 1238 923 conciliaretur,
1252 856 1400 913 Boeckhius
1411 854 1458 929 (p.
1472 854 1528 929 319
1537 854 1598 931 sq.)
1614 865 1744 911 statuen-

969 944 1038 997 dum
1055 954 1147 998 censet
1164 943 1239 997 hunc
1262 943 1291 995 in
1311 942 1429 997 modum
1451 944 1586 997 :Nomen
1607 942 1743 997 osorthon

970 1029 1043 1085 idem
1068 1039 1107 1085 est
1132 1048 1195 1083 cum
1213 1028 1340 1095 Osoodor,
1366 1029 1480 1083 nomine
1494 1029 1594 1100 quinto
1613 1027 1744 1100 dynastiae

969 1118 1108 1171 Taniticae.
1128 1117 1168 1171 Ut
1181 1116 1324 1173 Osortbon
1342 1114 1395 1169 fuit
1406 1114 1479 1169 lilius
1492 1125 1519 1169 et
1531 1133 1671 1170 successor
1690 1117 1744 1170 Se-

969 1201 1125 1269 soncliidis,
1139 1201 1177 1255 sic
1191 1199 1249 1271 ejus
1267 1212 1347 1274 pater
1358 1201 1443 1255 fuerit
1454 1202 1596 1256 Osorchor
1610 1200 1742 1274 dynastia

969 1288 1055 1357 XXI,
1072 1305 1193 1360 eumque
1205 1287 1281 1342 haud
1298 1298 1373 1342 recte
1390 1289 1494 1343 Tanitis
1504 1288 1635 1343 Manetho
1647 1307 1745 1343 accen-

969 1377 1065 1432 suerit.
1078 1374 1220 1431 Osorchor
1234 1372 1294 1428 filio
1312 1392 1431 1448 regnum
1444 1375 1602 1446 reliquisse,
1620 1373 1668 1429 sed
1681 1386 1745 1447 post

970 1462 1079 1517 obitum
1101 1461 1159 1532 ejus
1175 1460 1269 1515 denuo
1283 1462 1386 1517 Tauitae
1408 1462 1529 1533 imperio
1545 1462 1640 1534 aliquo
1661 1463 1744 1533 potiti

969 1565 1095 1621 regnasse
1105 1546 1197 1601 adhuc
1207 1546 1338 1601 videntur
1344 1566 1396 1619 per
1403 1566 1490 1602 annos
1502 1545 1551 1619 23,
1568 1564 1639 1619 quos
1650 1549 1744 1602 Psina-

970 1635 1015 1689 chi
1035 1644 1063 1689 et
1075 1636 1204 1689 Psusenni
1215 1635 1312 1689 tribuit
1329 1636 1478 1703 Manetho,
1498 1634 1548 1705 qui
1570 1632 1745 1689 Sesonchidis

970 1739 1087 1795 regnum
1110 1720 1201 1775 abeo
1228 1720 1342 1776 demum
1362 1740 1437 1775 anno
1463 1732 1622 1793 computat,
1646 1739 1743 1794 aquo

970 1808 1044 1862 solus
1056 1809 1170 1881 AEgypti
1183 1809 1319 1863 universae
1342 1810 1492 1881 imperium
1502 1810 1601 1865 tenuit.
1619 1810 1679 1863 Hac
1690 1810 1745 1882 igi-

970 1896 1133 1949 turratione
1142 1912 1239 1949 vetum
1253 1896 1333 1968 regni
1347 1894 1530 1951 ·Sesonohidis
1544 1895 1656 1949 initium
1669 1894 1746 1949 refe-

970 1979 1091 2034 rendum
1105 1990 1146 2034 est
1156 1978 1193 2033 ad
1207 1998 1310 2035 annum
1321 1978 1389 2053 957,
1412 1982 1461 2053 qui
1472 1982 1601 2053 proxime
1621 1979 1697 2034 abest
1710 1978 1746 2034 ab

971 2083 1006 2121 eo
1024 2084 1082 2137 quo
1094 2065 1287 2139 Hierosolyma
1299 2066 1435 2122 Sesatum
1448 2067 1551 2140 cepisse
1562 2075 1696 2121 statuunt.

1010 2153 1139 2207 Ceterum
1162 2170 1260 2225 regum
1267 2154 1367 2207 seriem
1378 2154 1572 2224 rationemque
1585 2152 1747 2225 genealogi-

971 2256 1033 2293 cam
1064 2256 1098 2293 ex
1130 2237 1244 2293 duobus
1264 2239 1452 2293 monumentis
1475 2238 1551 2293 huuc
1571 2238 1601 2291 in
1630 2236 1748 2292 modum

971 2326 1116 2381 constituit
1130 2325 1243 2399 Lepsius
1256 2322 1315 2398 (ap.
1325 2325 1445 2381 Buusen.
1457 2325 1517 2393 111,
1535 2340 1565 2397 p.
1584 2322 1667 2400 133).

1143 2482 1325 2602 aar
1339 2478 1460 2602 tisis
1473 2480 1568 2544 n,

982 2666 1494 2709 Μ

987 2780 1107 2889 sarim
1289 2801 1403 2885 Orouion
1416 2837 1437 2884 1.

1256 2896 1313 2957 (rex
1328 2894 1467 2973 sepundus).

1313 3000 1406 3076 Parion,

1272 3084 1329 3137 (rex
1345 3077 1451 3203 iprtius).

1589 3201 1705 3249 osorton
1715 3200 1749 3262 11,

1292 3260 1430 3309 lissam:
1567 3259 1748 3324 (resquartru).
1795 3330 1801 3342 Ι

1349 3204 1369 3247 ⁴
1526 3201 1554 3431 'l

1138 3371 1160 3482 i
1535 3434 1557 3483 0

1051 3494 1252 3553 Sunaseaosrll,

1056 3556 1115 3616 (rex
1129 3554 1251 3631 qpiutus).

1489 3492 1596 3542 llrrror.

1082 3658 1197 3723 Tarmor
1211 3676 1231 3731 1,

1019 3735 1068 3799 [an.
1078 3738 1111 3785 xl
1122 3736 1147 3784 et
1161 3733 1258 3797 ΗΜ]

1059 3795 1119 3857 (rex
1130 3798 1233 3857 sextus).

1371 3677 1510 3785 Kenorup
1521 3672 1641 3736 (regina).

1158 3926 1488 3958 Nm

1141 4092 1253 4140 0101101
1269 4034 1371 4163 ulfiam
1382 4087 1470 4150 xyston]

1204 4152 1260 4211 (rex
1273 4151 1413 4228 septimus).

1115 4274 1274 4322 Scnmcnona
1287 4236 1330 4329 ui,
1340 4270 1389 4333 [an.
1399 4268 1532 4331 xmus]

1232 4344 1274 4381 rex
1287 4332 1409 4412 octavus),

1249 4417 1361 4501 nimios
1375 4454 1397 4501 u
1536 4454 1650 4501 rinnon

1245 4514 1304 4574 (reu
1316 4486 1418 4622 prosi.
1595 4510 1615 4622 p
1679 4576 1689 4599 Ι

1324 4644 1611 4674 W

1417 4750 1523 4805 iliram,

1324 4809 1393 4872 (sine
1408 4810 1489 4871 staats
1504 4806 1606 4869 reatu).

162 4942 264 4995 mentis
273 4941 568 4997 notaturSesonchidis
580 4960 669 4997 annus
677 4944 824 5015 vigesimus
836 4959 934 4997 secun·
1017 4938 1190 4995 Monendum
1211 4938 1333 5013 denique
1347 4940 1383 4995 de
1398 4941 1507 4995 ratione
1526 4954 1583 5011 qua
1599 4937 1752 4993 liunsenim

163 5028 226 5085 dus.
244 5030 376 5082 Attamen
396 5028 447 5082 nisi
469 5046 569 5100 nisque
591 5029 682 5100 deque
698 5026 861 5081 habendum
879 5045 937 5083 esse
982 5045 1026 5081 res
1046 5026 1098 5081 sibi
1113 5025 1301 5087 adornaverit.
1319 5028 1346 5081 ls
1361 5028 1447 5101 igitur
1467 5024 1630 5081 Sesonchosi
1654 5022 1752 5077 tribuit

163 5116 301 5169 carimeris
315 5125 473 5187 temporum
487 5117 729 5189 constitutionem,
742 5114 853 5188 qualem
869 5114 936 5169 indo
983 5130 1071 5168 annos
1096 5112 1134 5168 κδ’
1156 5133 1211 5187 pro
1232 5113 1290 5183 κα’;
1310 5114 1436 5169 Takeloti
1457 5110 1497 5188 κγ’
1511 5130 1565 5185 pro
1581 5108 1623 5184 ιγ’;
1640 5122 1748 5183 postre-
