3834 5767
730 323 778 382 llli
799 321 918 382 REBUS
938 322 1118 382 PUBLlClS.
1666 336 1717 385 199

126 451 162 505 ad
173 453 306 506 Nostmm
316 460 462 524 provocat.
476 453 543 522 Qua
556 469 600 506 res
611 453 785 508 Deswertum
796 452 901 523 movit,
949 447 1015 526 [ἰερί
1029 449 1122 519 ἡδονῆς
1136 445 1188 525 (ιθ,
1208 447 1274 524 Περὶ
1289 425 1418 525 ἐρωτικῶν
1438 449 1488 525 (a).
1510 455 1551 506 Ac
1571 465 1721 510 consenta-

125 548 157 590 ut
172 535 350 592 Heraclidem
362 547 463 610 preter
473 554 546 610 opus
556 537 622 613 ἰίερί
635 535 697 612 βίων
712 539 768 592 sive
784 539 824 592 De
835 543 901 590 vita·
948 556 1031 592 neum
1043 549 1083 592 est
1099 536 1199 591 eodem
1214 537 1301 591 modo
1319 537 1498 592 historiarmn
1516 542 1650 612 exemplis
1662 542 1723 595 col-

124 643 185 676 ram
195 625 357 694 generibm,
366 623 445 696 quod
453 625 525 678 inter
532 625 645 696 physica
654 626 756 698 scripta
765 626 904 698 Diogenes

124 719 268 778 recemet,
283 711 367 764 ctiam
384 711 412 761 V
409 715 464 764 itur
478 713 615 765 clarorum
634 717 751 766 virorum
766 712 904 784 scripsisse
948 699 1045 781 δ(θῖὲθξι)
1064 701 1131 760 Περὶ
1150 698 1338 780 &traiectione
1354 699 1437 783 φησίν·
1449 718 1461 741 ‘¹
1476 700 1506 784 [H
1521 701 1642 782 Ναξίων
1658 701 1726 758 πόλις

123 807 237 850 statuat.
251 795 337 867 Quod
347 807 380 852 ut
388 798 487 868 nequit
498 799 661 870 pernegari,
676 800 714 852 sic
725 799 794 852 nihil
804 809 844 854 est
853 815 904 852 cur
947 785 1120 884 ’ῗίιίίῗπτωκῗν
1131 768 1236 896 ίωξίγῗς
1244 769 1283 852 im
1291 769 1376 884 '⁹⁹⁹3'
1383 769 1436 892 mg
1445 785 1486 886 '‘z‘'
1494 771 1614 887 '52⁰²me
1619 771 1723 887 ,ἐχθρός

124 881 199 936 ἰιαιισ
218 884 384 936 seutentiam
405 879 618 956 amplectamur.
638 884 709 938 Nam
730 895 904 956 quantopere
948 839 1722 970 {mmaffiffffoiffrdikdmffidvrdiinffi'

123 970 228 1040 scripta
237 969 407 1038 Heraclide,
418 971 576 1025 eamaxime
584 988 645 1042 quae
654 971 690 1025 ad
702 972 837 1026 moralem
844 970 905 1043 phi·
948 976 988 1030 οὓς
1001 976 1084 1023 ἐκεῖνοι
1096 978 1203 1038 Γέργιθας
1214 976 1325 1036 ἐκάλουν,
1338 981 1430 1036 πρῶτον
1442 977 1484 1037 μὲν
1492 979 1634 1039 κρατήσσςο
1642 945 1725 1041 δῆμοςί

124 1057 284 1129 losophiam
291 1066 426 1130 spectant,
436 1057 520 1111 rebus
529 1056 668 1111 historicis
681 1057 782 1112 referta
791 1057 903 1124 luerint,
948 1045 1049 1125 “⁶33⁰st
1061 1045 1316 1130 “waifffl‘i’ls
1334 1046 1373 1092 καί
1388 1047 1526 1128 Μιξίᾶιὼθ
1544 1049 1573 1095 τὰ
1590 1050 1661 1132 ξὲινα
1677 1054 1724 1134 τῶι]

124 1137 342 1198 luculentissima
354 1141 459 1198 docent
467 1144 603 1216 exempla.
618 1145 681 1216 Ipse
696 1145 860 1200 Plutarchus
874 1145 904 1198 in
948 1129 1066 1175 ww
1080 1116 1111 1200 ‘i‘
1129 1115 1241 1230 αβωνίαῆ
1251 1116 1315 1232 δῗίυς
1329 1130 1497 1232 Μίζίονῗεί
1512 1117 1724 1234 ww&

125 1231 189 1284 vica
202 1227 312 1285 Camilli
325 1230 360 1286 dc
374 1232 464 1286 ἰλοιιια
478 1231 589 1286 aGallis
600 1241 680 1302 capta
690 1231 866 1286 Heraclidem
877 1230 903 1286 ίν
948 1185 1725 1317 ζᾝέζκῗνὲἑέπαῗῦἷήῗήρ,οπρᾭοσζησαήῖᾧτζτοὲή

123 1317 163 1392 τῷ
177 1314 243 1392 [θερί
260 1317 345 1392 ψυχῆς
359 1319 460 1371 excitat
473 1315 523 1392 (ι).
537 1317 600 1372 Alia
611 1317 647 1372 de
659 1318 721 1373 latis
732 1319 904 1391 populorum
948 1324 1228 1371 flumineamoeno.
1242 1321 1290 1370 'tto
1307 1325 1437 1384 καιομένων
1454 1327 1524 1386 φασὶν
1539 1326 1597 1373 ἀλλα
1611 1341 1637 1372 τε
1650 1327 1725 1374 πολλὰ

125 1403 220 1474 deque
234 1405 290 1456 vita
302 1405 430 1458 virorum
442 1405 590 1458 illustrium
602 1403 609 1477 (
621 1405 694 1458 inter
707 1423 811 1477 eosque
821 1407 904 1460 etiam
948 1395 1054 1452 λαθέσθαι
1063 1395 1161 1456 cepere,
1174 1395 1213 1441 δαὶ
1224 1393 1302 1441 ἐλαίαν
1311 1394 1373 1454 stell
1382 1394 1514 1455 αὐτομάτην
1524 1395 1663 1457 ἀναφθῆναι·
1674 1397 1725 1444 Διό·

124 1487 257 1564 Periclis]
273 1502 423 1544 narrantur
444 1509 477 1545 ex
491 1491 569 1545 libris
584 1487 649 1564 ἰίερί
668 1488 830 1559 δικαιοσύνης
849 1489 904 1566 (a),

124 1615 238 1676 πείγσντα
249 1623 296 1665 τῶν
305 1617 379 1679 ίργων
393 1617 601 1680 προσκομιζόμενον
611 1619 766 1680 ὀνομασθῆναι
778 1618 903 1680 Περιρόρη·

124 1701 175 1732 τον.
196 1689 272 1734 Τοῦτο
292 1687 334 1748 μὲν
353 1686 393 1735 οὖν
413 1688 565 1748 Ἡρακλείδης
584 1690 597 1735 ό
617 1690 730 1743 Ποντικός
749 1689 843 1751 ἐλέγχει
856 1695 904 1745 τοῖς

125 1755 282 1816 Ἀνακρέοντα
293 1755 435 1816 ποιήμασιν,
450 1756 473 1802 ἐν
486 1755 546 1812 σίςδ
564 1757 715 1819 Περιφόρητος
728 1757 839 1820 Ἀρτέμων
850 1757 903 1805 δνο-

125 1826 224 1884 μαζεται
236 1825 333 1879 πολλαῖς
342 1825 468 1886 ἔμπροσθεν
479 1825 578 1882 ἡλικίαις
593 1830 634 1873 τοῦ
645 1827 695 1885 περὶ
712 1827 790 1887 Σάμον
802 1827 903 1887 πολέμου

125 1895 167 1940 καί
178 1898 226 1940 τῶν
236 1894 379 1954 πραγμάτων
388 1895 490 1942 ἐκείνων.
504 1897 549 1943 Τὸν
559 1897 579 1943 δ’
594 1895 721 1957 Ἀρτέμωνά
733 1913 787 1956 φησι
797 1895 903 1958 τρυφερόν

126 1969 178 2000 τινα
189 1961 223 2015 τῷ
237 1957 282 2015 βίω
299 1958 340 2002 καί
351 1957 407 2016 πρδς
418 1957 470 2010 τόὺς
482 1957 564 2018 φόδσυς
579 1959 683 2016 μαλακόν
700 1958 756 2004 όντα
776 1961 815 2004 καί
830 1973 903 2005 κατα·

127 2023 207 2083 πλῆγα
219 2025 338 2072 τὰπολλὰ
350 2025 390 2086 μὲν
403 2026 462 2073 οἰκοι
472 2027 607 2082 καθέζεσθαι
616 2027 704 2088 χαλκῆν
716 2027 803 2074 άσπίδα
817 2033 855 2084 τῆς
864 2043 903 2074 κε·

126 2095 198 2150 φαλής
208 2094 280 2141 αὐτοῦ
289 2094 350 2141 δυεῖν
359 2095 455 2141 οἰκετῶν
465 2095 636 2158 ὑπερεχόντων,
647 2097 708 2144 ὥστε
718 2097 786 2157 μηδὲν
796 2097 903 2158 ἐμπεσεῖν

126 2167 173 2210 τῶν
184 2165 286 2210 άνωθεν·
298 2164 319 2210 εἰ
330 2163 355 2211 δὲ
371 2164 476 2226 βιασθείη
488 2167 619 2226 προελθεῖν,
630 2166 653 2212 έν
666 2166 767 2227 κλινιδίῳ
781 2171 904 2228 κρεμαστῷ

126 2233 189 2294 παρὰ
205 2235 248 2290 τήν
263 2239 307 2293 γῆν
325 2233 396 2290 αι’πήν
407 2235 579 2296 περιφερόμενον
587 2237 722 2296 Ικομίζεσθαι
732 2237 772 2283 καὶ
784 2237 821 2284 διά
836 2241 904 2284 τοῦτο

78 2357 81 2364 Ι
127 2303 238 2358 κληθῆναι
257 2301 421 2364 ἰΙεριφόρητον.

158 2370 224 2420 ldem
235 2370 269 2418 io.
279 2383 302 2419 c.
314 2377 382 2430 ³5,6
398 2390 404 2419 :
418 2369 518 2419 Pericles
529 2384 585 2419 cum
597 2372 671 2421 classe
681 2372 704 2420 in
716 2373 904 2433 Peloponnesum

129 2441 214 2489 missus
229 2453 308 2502 quum
324 2441 388 2488 male
397 2453 433 2487 ras
444 2440 565 2500 gessisset,
586 2446 711 2490 accusatus
723 2445 791 2491 estet
804 2442 905 2504 pecunia

128 2510 259 2557 mulctatus
269 2528 275 2556 ι
285 2509 401 2570 ἐπεγράφη
408 2509 432 2556 δέ
440 2513 469 2571 τῇ
478 2509 530 2570 δίκη
539 2511 679 2573 κατήγορος,
689 2515 720 2567 ὡς
731 2513 770 2572 μὲν
782 2511 904 2573 Ἰδομενεὺς

129 2579 205 2639 λέγει,
222 2580 318 2626 Κλέων·
330 2579 363 2632 a<
379 2578 404 2625 δὲ
423 2578 581 2638 θεόφραστος,
600 2580 709 2642 Σιμμίας·
728 2581 781 2628 tet
795 2581 904 2635 Ποντικός

129 2648 280 2710 Ἡρακλείδης
289 2648 436 2709 Λακρατίδαν
446 2647 529 2708 εἰρηκε.

159 2721 192 2777 (ι)
211 2716 336 2766 Plutarch.
356 2716 451 2766 camill.
472 2723 513 2778 ιι,
534 2723 547 2765 ι
565 2715 595 2766 de
612 2719 687 2766 Roma
712 2717 771 2767 urbe
795 2733 810 2767 a
831 2719 906 2768 Gallis

129 2791 198 2848 eapte
219 2807 225 2835 :
243 2789 293 2834 Ταῦ
306 2787 382 2842 μέντοι
398 2785 484 2840 πάθους
502 2788 573 2835 αὐτοῦ
590 2789 630 2835 καί
645 2793 685 2844 τῆς
704 2789 813 2843 ἁλώσεως
832 2789 905 2836 ἰοικεν

129 2855 218 2918 ἀμυδρά
227 2872 263 2910 τις
273 2855 339 2910 etet:
349 2857 381 2910 είς
393 2857 435 2912 τήν
448 2856 547 2904 Ἐλλάδα
563 2857 627 2918 φήμη
639 2857 741 2905 διελθεῖν.
758 2857 905 2920 Ἡρακλείδης

129 2929 172 2988 γἀρ
189 2929 203 2974 ό
220 2925 335 2981 ἰίοντικδς
349 2925 377 2972 οὐ
388 2926 446 2974 πολὺ
454 2931 501 2974 τῶν
516 2926 605 2988 χρόνων
616 2926 710 2975 ἐκείνων
725 2927 906 2988 ἀπολειπόμενος

130 2997 194 3058 ἐντῷ
206 2996 277 3057 ἰίερί
289 2995 382 3057 ψυχῆς
393 2995 555 3058 συγγράμματί
572 3013 640 3057 φησιν
651 2997 749 3054 ἀπάτης
762 2997 859 3059 ίσπέρας
870 2997 906 3044 λά·

131 3081 168 3122 γαν
179 3069 323 3126 κατασχεῖν,
335 3068 366 3119 ὡς
376 3067 472 3125 στρατός
484 3065 507 3120 ii
515 3067 671 3128 Ὕπερθορέων
683 3067 755 3114 ἐλθὼν
765 3067 845 3122 ἔξωθεν
854 3067 907 3129 ᾑρή-

131 3151 165 3183 κοι
180 3135 249 3183 πόλιν
262 3134 386 3190 Ἑλληνίδα
396 3135 489 3195 Ῥώμην
504 3135 553 3182 έκεῖ
564 3151 610 3182 που
621 3136 789 3198 κατῳκημένην
802 3137 853 3197 περὶ
864 3137 905 3193 τήν

132 3205 229 3266 μεγάλην
241 3204 371 3252 θάλασσαν.
384 3203 435 3250 Οὐκ
446 3205 474 3251 ἀν
484 3201 524 3251 cti
542 3203 686 3265 θαυμάσαιμι
697 3205 791 3264 μυθώδη
801 3205 840 3252 καὶ
850 3205 907 3252 πλα-

132 3275 229 3336 σματίαν
246 3273 305 3320 ὄντα
313 3275 353 3320 τόν
362 3273 511 3334 Ἡρακλείδην
521 3273 600 3329 ἀληθεῖ
614 3274 675 3336 λόγῳ
686 3279 721 3336 τῷ
731 3275 782 3336 περί
793 3280 832 3332 της
845 3275 907 3322 ἀλώ-

132 3359 186 3398 σεως
196 3342 361 3404 ἐπικομπάσαι
371 3343 424 3395 τοὺς
439 3343 600 3406 Ὑπεράορέσυς
609 3345 649 3390 καί
664 3345 705 3400 τήν
718 3343 818 3406 μεγάλην
828 3343 907 3392 θάλατ·

132 3427 178 3460 ταν.
190 3413 229 3461 cl.
243 3411 296 3460 cic.
314 3413 347 3458 oe
360 3412 410 3458 nat.
426 3409 493 3459 deor.
513 3413 538 3471 l,
559 3417 606 3459 tt:
626 3415 669 3460 Εα
687 3412 776 3462 eadem
791 3413 908 3461 Ρίαίοιιιτ

133 3482 217 3530 schola
232 3483 356 3540 Ραρίιειιε
368 3479 519 3528 Heraclides
528 3481 671 3542 ρκεσιίιθασ
679 3481 785 3542 ,fabulis
802 3481 908 3542 refersit

136 3551 221 3600 libros.

161 3623 197 3669 Ex
206 3617 271 3666 libro
280 3617 312 3666 dc
321 3619 427 3667 Homero
436 3617 579 3668 Plutarchus
590 3619 685 3681 petiisse
700 3619 796 3669 videtur
805 3633 861 3682 qum
876 3621 909 3668 le·

134 3691 218 3748 guntur
230 3689 255 3736 in
267 3687 317 3736 vti.
332 3685 459 3735 Alexandri
471 3699 493 3734 α.
505 3693 535 3736 ιιι
549 3705 555 3736 :
568 3691 594 3737 Εἰ
603 3689 636 3744 δ’,
648 3689 704 3752 άπερ
715 3687 862 3751 Ἀλεξανδρεῖς
871 3689 908 3737 λέ-

134 3773 222 3820 γωσιν,
234 3756 374 3817 Ἡρακλείδη
392 3757 551 3818 πιστεύοντες,
566 3757 646 3814 ἀληθές
668 3758 744 3818 ίστιν,
762 3758 847 3807 ούκουν
864 3759 908 3806 οὐκ

134 3830 212 3890 ἀργὸς,
230 3828 280 3876 αδδ·
292 3826 426 3888 ἀσύμάολας
445 3827 509 3888 αὐτῷ
530 3828 690 3889 συστρατεύειν
709 3827 782 3876 ἔοικεν
795 3829 906 3890 Ὅμηρος.

135 3899 232 3958 Λέγουσι
246 3899 301 3959 γάρ,
318 3897 370 3955 ότι,
381 3901 422 3953 τῆς
440 3895 557 3957 Αἰγύπτου
575 3897 705 3958 κρατήσας,
720 3897 826 3945 έόούλετο
843 3897 909 3944 πόλιν

135 3968 231 4028 μεγάλην
242 3969 283 4015 καί
298 3965 477 4028 πολυάνθρωπον
487 3966 608 4024 Ἑλληνίδα
624 3967 772 4026 συνοικίσας,
788 3967 909 4028 ἐπώνυμον

136 4039 216 4084 ἑαυτοῦ
224 4038 374 4084 καταλιπεῖν·
389 4036 429 4083 καί
438 4052 490 4084 τινα
500 4037 571 4085 τόπον
586 4037 668 4098 γνώμη
677 4041 724 4084 τῶν
742 4035 909 4098 ἀρχιτεκτόνων

136 4106 190 4153 ὅσον
198 4107 288 4155 ntem
298 4107 436 4168 διεμετρεῖτο
445 4106 484 4152 καὶ
494 4107 645 4166 περιέδαλλεν.
656 4107 715 4156 Eira
725 4106 813 4170 νύκτωρ
822 4108 909 4168 κοιμώ-

138 4191 212 4236 μενος,
224 4177 278 4237 ἀίαν
289 4176 337 4224 εἰδι
346 4176 494 4238 θαυμαστήν·
505 4175 561 4238 ἀνήρ
570 4177 649 4231 πολιός
658 4175 684 4224 εὖ
699 4176 760 4238 μάλα
770 4177 811 4234 τήν
819 4176 909 4239 κόμην,

137 4245 176 4291 καί
182 4244 467 4306 γιφαρδςτδείδος,ίδοξεν
476 4243 539 4307 αὐτῷ
546 4245 908 4309 παραστάςλίγειντάίπητάδε·

195 4339 270 4394 Νήσος
279 4337 361 4386 ἔπειτά
369 4353 403 4391 τις
414 4337 463 4384 ἐστὶ
472 4338 626 4400 πολυκλύστῳ
636 4339 668 4387 ένὶ
675 4339 768 4400 πόντῳ,
804 4357 807 4362 “

196 4409 313 4460 Αἰγύπτου
324 4405 479 4469 προπάροιθε·
490 4405 568 4470 Φάρον
580 4409 808 4468 &intuitionem

139 4516 208 4572 Εύθδς
218 4515 257 4565 oin
271 4515 398 4572 ίξαναατάς
409 4515 508 4572 έάάδιζιν
518 4517 555 4565 ἰπί
565 4519 606 4574 τήν
619 4517 712 4580 Φάρον,
726 4517 802 4574 ἣτότε
820 4519 860 4578 μέν
876 4518 909 4566 έτι

138 4585 308 4647 νῆασςὴν,τοι”ι
324 4585 463 4634 Koudetos
476 4589 556 4649 μικρὸν
572 4587 680 4650 ἀνωτέρω
697 4589 825 4649 στόματος,
836 4591 875 4636 νῦν
885 4589 909 4638 δὲ

139 4657 177 4703 διὰ
184 4657 288 4718 χώματος
298 4655 433 4714 άνείληπται
444 4657 501 4719 πρὸς
509 4659 550 4714 τήν
559 4659 663 4719 ἤπειρον.
679 4657 721 4713 Ὠς
733 4656 774 4705 οὖν
785 4657 830 4705 εἶδε
839 4657 910 4705 τόπον

140 4727 217 4788 rimie
232 4727 382 4787 διαφέροντα,
399 4727 491 4786 (ταινία
505 4727 550 4788 γάρ
567 4727 628 4775 έστιν
646 4729 722 4789 ἰσθμῷ
734 4727 819 4781 πλάτας
834 4727 909 4789 ἔχοντι

45 4837 51 4848 ,
141 4795 262 4858 σίμγιετρυν
271 4797 379 4850 ίπιεικῶς
387 4795 518 4858 διείργουσα
526 4797 736 4858 λίμνηντεπολλήν
744 4799 784 4845 καῖ
792 4797 910 4846 θάλατταν

142 4867 165 4910 έν
173 4866 239 4924 λιμένι
252 4865 346 4927 μεγάλῳ
355 4866 499 4914 τελευτῶσαν
507 4867 530 4926 ,)
542 4868 614 4915 εἰπὼν
627 4869 658 4922 ώς
667 4867 773 4930 Ὅμηρος
787 4863 818 4925 ἦν
826 4867 871 4930 ἀρα
880 4867 910 4916 τά

141 4934 162 4978 τ’
170 4933 223 4982 ἀλλα
231 4935 377 4996 θαυμαστὸς,
387 4935 426 4982 καί
436 4936 569 4996 σοφώτατος
582 4937 736 4998 ἀρχιτέκτων,
746 4937 852 4986 ἐκέλευσε
861 4939 910 4986 δια·

140 5003 220 5064 γράβσι
228 5005 255 5054 τό
264 5010 347 5067 σχῆμα
355 5009 396 5062 της
407 5003 495 5060 πόλεως
504 5009 538 5065 τῷ
546 5005 612 5067 τόπῳ
623 5007 828 5069 συναρμόττοντας.

174 5073 203 5130 (ι.)
215 5074 341 5123 attonem
351 5077 408 5134 llll,
418 5089 439 5135 ρ.
452 5080 505 5134 32³,
518 5077 534 5124 ἰ·“
549 5093 554 5122 :
566 5077 713 5138 Ἡρακλείδης
721 5076 740 5125 δ’
748 5078 761 5123 ό
770 5077 879 5130 Ποντικός
888 5077 910 5124 ἰν

948 1478 992 1525 περ
1000 1465 1014 1510 δ
1023 1465 1073 1518 θεὸς
1083 1465 1120 1510 έπί
1133 1464 1204 1511 πολὺν
1216 1462 1297 1524 χρόνον
1307 1462 1438 1520 ἀπήλαυνεν
1447 1464 1531 1517 αὐτοὺς
1543 1470 1584 1512 τοῦ
1602 1465 1725 1526 μαντείου,

949 1534 991 1580 καὶ
1000 1533 1183 1595 ἐπερωτώντων,
1197 1533 1236 1580 διά
1249 1533 1297 1580 τίνα
1306 1533 1381 1580 αἰτίαν
1391 1533 1569 1592 ἀπελαύνονται,
1578 1535 1627 1583 εἰπε
1637 1548 1643 1559 ·

1012 1635 1058 1684 lici
1073 1651 1112 1696 μοι
1124 1635 1236 1697 Γεργίθων
1249 1651 1273 1682 τε
1283 1635 1349 1696 φόνος
1363 1636 1425 1694 μελει
1436 1635 1625 1697 ἀπτολεμίστων,

1011 1705 1132 1766 πισσήρων
1141 1721 1166 1753 τε
1177 1705 1258 1767 μόρος,
1269 1707 1309 1752 καὶ
1320 1705 1421 1766 δένδρων
1430 1705 1479 1753 αἰὲν
1493 1706 1596 1762 ἀθαλλές,
1606 1726 1618 1747 ν

980 1809 1045 1857 ldem
1054 1810 1140 1868 xmp.
1152 1813 1206 1867 521,
1216 1811 1233 1855 E
1242 1823 1248 1854 ι
1258 1808 1405 1870 ’ἰίρκκλείδης
1412 1808 1455 1857 δ’ὁ
1465 1810 1576 1864 Ποντικός
1586 1810 1610 1857 έν
1616 1815 1650 1870 τῷ
1658 1812 1722 1872 ἰίερί

948 1877 1222 1938 δικαιοσύνηςφησί·
1232 1897 1243 1919 ν
1256 1880 1544 1940 Συδαρῖται,τιί,ν”ἰ’ήλυος
1552 1881 1672 1941 τυραννίδα
1681 1898 1725 1928 κα-

948 1948 1106 2008 ταλύσαντες,
1120 1947 1173 2001 τούς
1190 1947 1349 2020 μετασχόντας
1365 1953 1412 1994 τῶν
1425 1947 1568 2011 πραγμάτων
1584 1949 1726 2011 ἀναιροῦντες

949 2018 989 2064 καί
1001 2018 1132 2079 φονεύοντες
1141 2016 1232 2063 ἐπὶτῶν
1240 2019 1327 2077 βωμῶν
1337 2016 1480 2073 ἀπήντησαν.
1491 2018 1537 2064 Καὶ
1549 2017 1587 2065 έπὶ
1595 2023 1643 2073 τοῖς
1651 2019 1726 2078 φόνοις

948 2086 1040 2141 τούτοις
1058 2085 1193 2147 ἀπεστράφη
1210 2086 1251 2147 μὲν
1264 2087 1292 2134 τδ
1308 2091 1348 2142 τῆς
1356 2087 1430 2148 ’ἰίρας
1446 2086 1556 2147 ἀγαλμα,
1567 2089 1594 2134 τὸ
1608 2088 1632 2135 δὲ
1644 2089 1726 2147 ἔδαφος

949 2157 1020 2213 ἀνῆκε
1034 2157 1112 2216 πηγήν
1130 2156 1237 2216 αἳματος,
1256 2156 1317 2202 ὥστε
1336 2157 1376 2203 τδν
1400 2155 1510 2215 σύνεγγυς
1537 2156 1630 2203 ἅπαντα
1656 2157 1726 2204 τόπον

951 2225 1138 2288 κατεχάλκωσαν
1157 2224 1246 2286 θυρίσι,
1259 2225 1394 2286 βουλόμενοι
1410 2230 1496 2282 στῆσαι
1511 2225 1552 2281 τήν
1569 2230 1611 2273 τού
1630 2227 1726 2288 αἰματος

951 2294 1077 2357 ἀναφοράν.
1088 2294 1174 2356 Διόπερ
1184 2293 1309 2341 ἀνάστατοι
1322 2294 1427 2351 ἐγένοντο
1437 2295 1478 2341 καί
1489 2294 1642 2356 διεφθάρησαν
1651 2295 1725 2342 άπαι-

948 2381 999 2424 τες,
1013 2368 1036 2413 οἰ
1053 2366 1093 2413 καί
1110 2367 1150 2412 τόν
1167 2369 1214 2411 τῶν
1223 2363 1357 2424 Ὀλυμπίων
1371 2365 1411 2411 τὸν
1421 2363 1482 2410 πάνυ
1495 2365 1575 2423 ἀγῶνα
1587 2364 1725 2426 ἀμαυρῶσαι

949 2434 1103 2491 ἐθελήσαντες.
1117 2433 1175 2482 Καθ’
1186 2435 1212 2481 ὃν
1218 2435 1262 2494 γάρ
1271 2434 1351 2492 άγεται
1360 2433 1440 2494 καιρόν
1450 2433 1641 2494 ἐπιτηρήσαντες,
1650 2436 1726 2482 άθλων

949 2505 1063 2565 θπεράολῇ
1074 2507 1105 2558 ὡς
1112 2503 1195 2558 αὑτοὺς
1205 2504 1282 2551 καλεῖν
1293 2503 1425 2564 ἐπεχείρουν
1436 2502 1489 2556 τοὺς
1500 2503 1606 2559 ἀθλητάς.
1620 2522 1632 2545 κ

981 2575 1016 2634 (ι)
1033 2574 1161 2621 atheneus
1175 2575 1233 2630 llll,
1244 2585 1268 2632 μ.
1280 2575 1387 2632 536,F=
1407 2572 1462 2632 ἰίερί
1474 2572 1498 2618 δά
1512 2572 1611 2619 Καλλίου
1628 2571 1726 2619 καὶτῶν

950 2642 1034 2690 τούτου
1042 2642 1150 2689 κολάκων
1156 2641 1269 2703 φθάνομεν
1276 2644 1316 2688 καὶ
1324 2641 1433 2702 πρότερον
1440 2640 1550 2695 εἰπόντες·
1558 2640 1607 2688 ἀλλ’
1615 2642 1666 2690 ἐπεὶ
1675 2635 1726 2688 καί·

949 2717 995 2767 νῶι
1003 2711 1171 2774 Ἡρακλείδηςό
1185 2711 1296 2766 ἰίοντικδς
1306 2711 1330 2758 ίν
1338 2714 1373 2771 τῷ
1384 2711 1452 2771 Περὶ
1462 2711 1570 2768 ἡδονῆς
1580 2713 1728 2772 ἰστορεῖπερί

951 2783 1036 2842 αὐτοῦ,
1050 2783 1137 2830 ἀνωθεν
1149 2782 1270 2829 ἀναλαδὼν
1282 2781 1433 2842 διηγήσομαι.
1467 2798 1479 2821 ⁸
1492 2781 1549 2828 Ὅτε
1560 2781 1587 2828 τδ
1595 2785 1687 2841 πρῶτον
1695 2783 1727 2837 εἰς

950 2852 1052 2900 Εύδοιαν
1066 2849 1220 2912 ἐστράτευσαν
1236 2852 1259 2897 οἰ
1276 2851 1378 2911 Πέρσαι,
1389 2849 1456 2908 τότε,
1470 2850 1501 2904 ὥς
1516 2865 1593 2911 φασιν,
1604 2849 1728 2911 Ἐρετμεύς

950 2921 1007 2983 &rip
1016 2920 1158 2990 Διόμνηστος
1168 2921 1244 2982 κύριος
1252 2919 1343 2982 ἐγένετο
1351 2925 1398 2967 τῶν
1405 2923 1446 2967 τοῦ
1454 2923 1584 2980 στρατηγοῦ
1593 2920 1727 2982 χρημάτων.

950 2991 1036 3052 Ἔτυχε
1047 2993 1091 3051 γάρ
1103 2991 1127 3038 ίν
1137 2994 1172 3051 τῷ
1187 2990 1252 3052 ἀγρῷ
1265 2994 1299 3051 τῷ
1310 2989 1399 3037 ἐκείνου
1410 2993 1511 3048 σκηνῶν,
1526 2991 1566 3035 καὶ
1579 2990 1609 3036 τὰ
1620 2989 1728 3050 χρήματα

951 3063 983 3116 εἰς
994 3060 1083 3122 οἰκημά
1096 3076 1118 3108 τι
1133 3060 1225 3120 θέμενος
1236 3065 1276 3117 τῆς
1292 3060 1376 3114 οἰκίας.
1389 3058 1581 3114 Τελευτησάντων
1589 3058 1614 3105 δέ
1624 3058 1726 3117 πάντων,

950 3131 1051 3179 διιλαθεν
1058 3130 1119 3190 έχων
1127 3131 1141 3176 δ
1150 3129 1294 3190 Διόμνηστος
1303 3131 1330 3177 τδ
1337 3127 1441 3191 χρυσίον.
1475 3127 1540 3176 Ἐπεί
1549 3128 1574 3174 δέ
1582 3127 1650 3174 πάλιν
1659 3129 1727 3174 δτῶν

952 3201 1048 3261 ἰίερσῶν
1067 3199 1175 3260 βασιλεὺς
1194 3198 1329 3246 ἀπέστειλεν
1343 3199 1376 3252 εἰς
1391 3199 1433 3254 την
1450 3196 1567 3259 Ἐρέτριαν
1582 3196 1726 3258 στράτευμα,

950 3269 1079 3330 προστάξας
1098 3268 1229 3316 ἀνάστατον
1239 3273 1337 3325 ποιήσαι
1347 3268 1389 3323 τήν
1400 3267 1476 3326 πόλιν,
1488 3266 1583 3321 εἰκότως
1595 3267 1726 3320 ὑπεξέθεντο

950 3338 1003 3386 ὅσοι
1021 3336 1147 3401 χρημάτων
1162 3338 1287 3398 ηὐπόρουν.
1304 3339 1333 3386 Ol
1352 3335 1393 3384 σύν
1404 3336 1606 3397 καταλελειμμάνοι
1625 3340 1666 3392 τῆς
1681 3341 1723 3383 τοῦ

951 3407 1097 3469 Διομνήστου
1104 3406 1180 3461 οἰκίας
1188 3406 1242 3469 παρ’
1250 3406 1382 3454 Ἱππόνικον
1390 3406 1431 3453 τὸν
1441 3405 1553 3464 Καλλίου,
1565 3405 1604 3452 τὸν
1616 3403 1728 3465 Ἄμμωνα

951 3477 1140 3538 ἐπικαλούμενον,
1157 3477 1289 3531 ύπεξέθεντα
1300 3476 1329 3523 τὰ
1346 3475 1456 3537 χρήματα
1466 3474 1499 3529 εἰς
1509 3475 1551 3529 τὰς
1565 3474 1673 3530 Ἀθήνας-
1686 3477 1727 3522 καί

951 3544 1170 3594 ἀνασκευασθέντων
1181 3545 1227 3592 ύπό
1240 3550 1287 3591 τῶν
1302 3547 1400 3605 [ἰερσών
1416 3542 1526 3590 ἁπάντων
1539 3546 1585 3590 τών
1596 3543 1728 3604 Ἐρετριέων

951 3615 1067 3677 κατέσχον
1079 3614 1144 3662 οὗτοι
1155 3615 1184 3661 τὰ
1202 3615 1312 3675 χρήματα
1325 3613 1400 3660 πολλὰ
1411 3613 1475 3660 όντα.
1491 3613 1565 3659 Ὥστε
1580 3611 1727 3670 Ἱππόνικος,

952 3685 966 3731 δ
982 3683 1023 3731 ἀπ’
1042 3684 1132 3732 ἐκείνου
1149 3685 1249 3744 γεγονὼς
1267 3687 1310 3730 τοῦ
1325 3683 1367 3740 τήν
1386 3681 1582 3744 παρακαταθήκην
1603 3679 1726 3739 λαδόννος,

952 3755 1038 3816 ᾔτησεν
1049 3753 1181 3810 Ἀθηναίους
1194 3753 1254 3801 πατά
1267 3752 1292 3800 έν
1303 3752 1429 3814 ἀκροπόλει
1439 3751 1521 3810 τόπον,
1531 3749 1561 3797 ίν’
1572 3749 1728 3809 οἰκοδομήση-

951 3838 990 3870 ται
998 3827 1047 3878 τοῖς
1058 3825 1175 3884 χρήμασιν
1182 3822 1242 3869 όπου
1250 3821 1366 3880 κείσεται,
1375 3821 1449 3880 λέγων
1458 3823 1490 3874 ὡς
1497 3820 1541 3867 αύκ
1549 3817 1649 3880 ἀσφαλές
1660 3817 1694 3874 δν,
1703 3817 1727 3864 έν

952 3891 1058 3953 ἰδιωτικῇ
1069 3891 1132 3953 οἰκία
1149 3891 1224 3938 πολλὰ
1241 3891 1350 3952 χρήματα
1361 3889 1435 3937 εἰναι·
1451 3888 1492 3936 καί
1508 3887 1592 3935 ἔδοσαν
1608 3884 1726 3941 Ἀθηναῖοι.

952 3962 1102 4017 Νουθετηθεὶς
1114 3961 1134 4007 δ’
1150 3961 1195 4009 ὑπὸ
1210 3965 1257 4007 τῶν
1273 3960 1353 4021 φίλων.
1373 3957 1506 4020 μετενόησε.
1523 3955 1618 4004 Τούτων
1629 3953 1670 4002 οὗν
1679 3959 1727 4002 τῶν

952 4031 1080 4092 χρημάτων
1088 4030 1188 4084 Καλλίας
1200 4029 1277 4089 κύριος
1286 4029 1462 4089 γενόμενος,καί
1469 4026 1525 4088 πρδς
1533 4025 1616 4083 ἡδονήν
1624 4024 1726 4085 βιώσας·

952 4125 984 4138 -
995 4104 1059 4146 ποῖοι
1067 4098 1114 4160 γάρ
1129 4098 1157 4145 οὐ
1166 4097 1264 4153 κόλακες
1279 4099 1294 4154 η
1305 4097 1328 4144 τί
1340 4098 1425 4153 πλῆθος
1436 4096 1481 4156 οὐχ
1490 4094 1587 4156 ίταίρων
1597 4094 1650 4155 περὶ
1658 4093 1728 4141 αι’πδν

952 4169 1028 4229 ᾖσανς
1043 4169 1111 4223 ποίας
1119 4168 1144 4216 δέ
1153 4167 1256 4222 δαπάνας
1265 4168 1311 4228 ούχ
1322 4166 1442 4227 ὑπερεώρα
1450 4167 1549 4222 έκεῖνσςς
1563 4162 1613 4210 ἀλλ’
1622 4163 1686 4223 ὅμως
1696 4163 1727 4216 εἰς

952 4243 1066 4287 τοσοῦτον
1080 4239 1151 4286 αὐτόν
1168 4239 1319 4300 περιέστησεν
1329 4238 1343 4284 δ
1353 4237 1406 4297 περὶ
1423 4235 1507 4291 ἡδονήν
1520 4232 1585 4295 βίος,
1595 4232 1658 4280 ὥστε
1669 4232 1728 4290 μετά

953 4308 1057 4370 γραῖδίου
1069 4305 1186 4369 βαράάρου
1195 4307 1307 4355 διατελεῖν
1315 4305 1464 4366 ἠναγκάσθη,
1476 4304 1516 4350 καὶ
1532 4306 1579 4349 τῶν
1594 4300 1728 4362 ἀναγκαίων

952 4377 1063 4425 τῶνκαθ’
1075 4375 1163 4437 ἡμέραν
1176 4375 1252 4432 ἐνδεής
1264 4375 1400 4436 γενόμενος,
1411 4373 1451 4421 τδν
1466 4371 1516 4433 βίον
1527 4370 1669 4428 ἐπλούτησε.
1682 4371 1728 4418 Τὸν

952 4446 978 4495 δέ
989 4445 1073 4493 ἰίικίου
1090 4446 1146 4501 φησί
1160 4448 1203 4492 τού
1222 4446 1369 4506 Περγασῆθεν
1380 4443 1480 4491 πλοῦτον
1496 4442 1512 4499 ἢ
1529 4441 1569 4488 τδυ
1582 4438 1728 4502 Ἰσχομάχου

952 4517 1011 4572 τίνες
1020 4517 1157 4572 ἀπώλεσανς
1171 4515 1223 4563 (λύει
1234 4515 1362 4570 Αύεοκλίης
1372 4514 1412 4560 καὶ
1423 4511 1558 4568 Ἐπικλέης,
1568 4512 1590 4557 οἰ
1602 4508 1651 4571 μετ’
1661 4510 1729 4566 ἀλλή-

953 4589 1000 4635 λων
1017 4591 1057 4644 ζῆν
1073 4586 1221 4648 προελόμενοι
1237 4586 1277 4632 καὶ
1287 4583 1356 4632 πάντ’
1373 4582 1396 4630 ἐν
1413 4580 1517 4629 έλάττονι
1534 4579 1670 4640 ποιούμενοι
1686 4583 1727 4636 τῆς

952 4659 1049 4716 ἠδονηςς
1060 4655 1154 4713 Ἐπειδὴ
1166 4656 1191 4703 δί
1198 4655 1274 4702 πάντα
1283 4651 1462 4710 κατανάλωσαν,
1473 4651 1570 4698 κώνειον
1580 4648 1670 4702 πιόντες
1678 4648 1728 4709 ἀμα

952 4728 992 4775 τόν
1004 4726 1056 4788 βίον
1067 4725 1225 4781 ἐτελεύτησαν.
1241 4743 1253 4765 ν

985 4796 1051 4846 idem
1059 4797 1147 4856 llil,p.
1159 4788 1727 4855 525st2'flpaosttmt'tnmxtctvronept

952 4867 1061 4923 ἡδονῆς
1073 4865 1172 4925 Σαμίους
1181 4866 1249 4926 φησί,
1259 4863 1310 4910 καθ’
1319 4861 1447 4923 ύπερδολην
1456 4859 1612 4920 τρυφήσαντας
1621 4891 1629 4915 ,
1641 4855 1678 4902 διά
1686 4857 1728 4910 τήν

953 4938 1010 4999 πρὸς
1030 4934 1141 4991 ἀλλήλῃς
1161 4934 1320 4996 μγχρολῃγὶαγ,
1340 4933 1419 4990 ὥσπερ
1438 4927 1579 4989 Συόαμίτας,
1598 4926 1639 4980 τὴν
1658 4925 1725 4970 πάλιν

954 5006 1075 5053 ἀπολέσαι.

987 5077 1051 5124 telem
1060 5076 1112 5132 llll,
1119 5087 1143 5135 μ.
1152 5075 1229 5133 mc
1238 5092 1243 5120 ι
1251 5072 1363 5133 ἰίεφικλέα
1373 5071 1397 5117 δὲ
1406 5070 1445 5116 τόν
1453 5065 1576 5125 Ὀλύμπιόν
1584 5077 1651 5122 φησιν
1659 5061 1726 5122 Ἡρα·
