3834 5767
775 342 1028 403 FRAGMENTA.

113 503 158 556 quo
170 480 304 554 Syncellus
315 477 449 550 loquitur,
465 477 541 532 haud
559 475 644 550 magis
659 477 695 532 ad
711 476 858 531 Manetho-

113 589 162 624 ποτε
170 578 288 622 nostrum
296 566 437 638 pertinere
447 581 531 636 quam
540 564 664 618 carmina
671 560 858 636 Ἀποτελεσμα-

111 653 168 728 τικλ,
177 671 233 727 qua
242 654 304 707 item
315 671 349 706 ex
361 651 526 706 Hermeticis
536 651 609 705 stelis
618 647 727 704 fluxisse
737 651 859 720 itemque

112 743 237 798 Ριοίειιιιεο
262 733 480 811 (Philadelpho)
503 755 519 790 a
542 737 709 793 Manethone
732 734 859 790 dedicata

112 845 155 882 ese
166 828 283 880 ienurtur
296 823 341 898 (Ἀ.
355 827 389 879 V.
403 825 573 896 Apotelesm.
587 823 639 879 lib.
654 823 748 879 Viuit.
768 841 773 874 :

143 951 179 1018 'Et
190 949 282 1008 ἀδύτων
295 951 371 1028 ἱερῶν
386 947 493 1025 βίὸλων,
509 949 615 1023 βασιλεῦ
632 949 796 1022 Πτολεμαῖε,

142 1037 178 1094 καί
188 1035 315 1114 κρυρίμων
330 1035 440 1106 στηλῶν,
456 1033 484 1098 d<
499 1032 591 1111 εὕρατο
603 1030 734 1111 πάνσορος
745 1029 856 1109 Ἑρμῆς.

142 1130 256 1183 Ceterum
268 1127 305 1181 ad
324 1125 444 1181 Sotbeos
461 1125 564 1177 librum
583 1122 768 1196 probabiliter
788 1121 833 1175 ref
847 1150 858 1163 ·

112 1215 180 1270 reuda
198 1224 258 1268 sunt
275 1231 336 1285 quae
356 1211 526 1265 lamblichus
547 1207 605 1285 (De
625 1210 707 1280 Mysi.
724 1207 802 1278 Vlll,
825 1207 857 1281 ι)

113 1303 140 1356 de
153 1319 235 1355 rerum
248 1300 332 1370 initiis
345 1298 480 1352 disseram
491 1296 573 1351 ailert
583 1296 641 1349 haec
659 1315 665 1347 ι
682 1289 738 1356 Τὰς
753 1289 800 1364 μέν
816 1281 859 1348 οὖν

112 1383 302 1462 ίίἰίίῑίῑέίίλίί
315 1381 427 1460 Ἑρμῆς)
444 1377 688 1456 ἐνταῖςδωμυρίαῑς
703 1376 811 1455 lfflml’
826 1381 860 1488 ὡξ
907 1428 936 1479 in
967 1431 1161 1484 conversiones
1189 1448 1283 1484 rerum
1312 1431 1497 1484 humanarum
1524 1444 1676 1489 exerceret.

113 1473 216 1537 Σέλευκος
237 1471 409 1550 ἀνεγράψατο,
427 1465 444 1538 ἢ
465 1470 492 1526 ἰν
512 1467 568 1526 ταῖς
588 1464 748 1544 τρισμυρίους
766 1487 794 1521 τε
816 1487 859 1522 και

113 1558 267 1636 {iniquitate
274 1557 319 1616 καὶ
328 1553 509 1617 πεντακοσίαις
518 1553 562 1612 καί
569 1554 652 1612 εἰκοσι
661 1550 739 1610 πέντε
749 1552 859 1627 (365ο5

112 1647 268 1717 ειίχιλδι
281 1646 289 1720 )
300 1687 308 1714 ,
321 1647 356 1708 ῶς
367 1644 494 1705 Μανώῶς
503 1643 608 1718 ίστορεῖ,
619 1637 712 1704 τελέως
725 1637 858 1704 ἀνέδειξεν.

113 1733 144 1789 Ci.
163 1733 265 1790 Boeclth.
287 1751 318 1805 p.
343 1732 394 1788 ι6.·
409 1733 464 1784 Τοι
480 1731 566 1802 igitur
583 1728 726 1781 volumina
746 1729 861 1782 Hermes

114 1820 214 1894 scripsit,
225 1830 292 1891 quot
304 1835 395 1874 annos
402 1816 515 1890 periodi
527 1815 662 1871 Sothiacae
671 1814 768 1886 viginti
780 1815 861 1885 quin·

114 1923 156 1976 que
171 1908 321 1978 continent,
339 1916 425 1976 atquc
443 1921 531 1976 regno
548 1901 746 1976 AEgyptiorum
764 1899 862 1953 tribuit

113 2003 191 2045 auctor
200 1991 324 2046 Chronici
334 1991 451 2048 Veteris.

144 2080 194 2134 Jam
206 2097 270 2134 rero
287 2078 432 2151 syncellus
445 2085 593 2149 postquam
606 2074 731 2146 apposita
745 2073 861 2144 epistola

116 2183 156 2220 nos
170 2165 201 2221 de
216 2175 379 2240 argumento
397 2164 516 2219 Sotbeos
535 2162 601 2216 libri
622 2159 751 2226 edocuit,
769 2161 862 2232 pergit

113 2251 171 2306 bunc
183 2254 208 2305 in
217 2251 330 2306 modum
345 2267 353 2309 ι
371 2246 446 2308 tini
458 2245 576 2304 δὲταῦτα
589 2244 633 2302 καί
647 2244 708 2320 περὶ
720 2246 771 2300 τῶν
782 2245 861 2300 ε’θνων

114 2337 271 2409 Αἰγυπτιακῶν
282 2334 362 2392 πέντε
373 2336 399 2392 ἰν
411 2329 549 2411 τριάκοντα
568 2329 729 2394 δυναστείαις
746 2331 860 2406 ίοτορει,

113 2423 152 2476 τῶν
163 2421 292 2498 λεγομένων
306 2420 370 2500 παρ’
384 2422 472 2484 αἰετοῖς
484 2421 549 2476 θεῶν
563 2414 608 2474 καί
625 2414 738 2491 ἡμιθέων
756 2412 800 2471 καί
818 2436 858 2471 νε·
888 2473 889 2478 ,

114 2506 166 2564 κύων
183 2509 222 2566 καί
235 2512 340 2580 θνητῶν.
385 2508 545 2566 Secundum
558 2508 617 2560 haec
632 2507 718 2579 igitur
737 2503 860 2559 Pseudo·

115 2596 221 2652 llanetho
238 2615 294 2651 non
314 2594 405 2651 modo
419 2593 478 2670 περὶ
490 2595 541 2650 τῶν
558 2589 704 2668 μελλόντων
718 2591 756 2668 τῷ
770 2587 860 2666 κόσμῳ

113 2679 219 2756 γίγνεσθαι
232 2684 375 2756 exposuit,
388 2682 437 2736 sed
453 2683 536 2735 etiam
549 2699 644 2735 rernm
656 2679 859 2752 praeteritarum

115 2771 224 2824 nnoncm
237 2770 332 2824 babuit
343 2779 428 2840 atque
444 2778 586 2840 tempora,
599 2784 651 2839 per
669 2782 730 2838 quae
743 2780 860 2837 reguum

114 2854 281 2928 AEgyptiorum
287 2855 571 2928 steterit,singillatim
579 2853 727 2908 recensuit.
737 2853 861 2923 Eamque

115 2941 177 2996 luisse
187 2942 298 3015 Syncelli
307 2942 473 2998 sententiam
483 2941 528 2996 rel
536 2939 602 2995 inde
612 2937 771 3005 concludas,
782 2937 860 3009 quod

114 3027 244 3084 sodomum
253 3029 431 3102 perspicitur,
446 3045 496 3081 cur
507 3027 624 3080 omnino
635 3035 733 3080 auctor
746 3023 782 3078 de
794 3035 860 3077 tem·

114 3114 207 3184 poribus
218 3112 408 3190 AEgyptiorum
423 3113 626 3186 disputaturus,
641 3112 686 3178 τῆς
701 3105 801 3173 Σώθεος
820 3111 860 3185 βί-

115 3196 162 3254 tin
173 3204 333 3256 mentionem
352 3200 458 3256 fecerit.
501 3202 618 3255 Atrium
632 3216 697 3253 vere
710 3216 754 3252 res
774 3200 812 3251 ita
832 3217 860 3252 se

114 3285 206 3362 babeat,
217 3307 250 3344 an
258 3288 417 3361 Syncellus,
430 3287 462 3340 iis
473 3304 535 3358 quae
550 3287 580 3339 in
594 3284 673 3339 ionte
685 3303 735 3338 suo
749 3281 796 3357 (in
808 3283 857 3339 Pa-

116 3373 222 3444 nodoro,
236 3377 316 3450 puta)
331 3375 452 3448 reperit,
468 3391 617 3446 perperam
631 3371 791 3441 intellectis,
814 3371 860 3424 di-

114 3477 174 3516 versa
187 3481 291 3535 prorsus
308 3479 411 3536 opera,
430 3455 740 3515 Pseudo-Manethonis
757 3447 860 3510 scilicet

115 3544 141 3598 de
154 3548 256 3605 Sotbide
272 3550 378 3604 librum
398 3558 481 3619 atque
504 3545 680 3601 Manethonis
699 3543 786 3596 libros
806 3552 858 3596 tres

115 3630 280 3704 Αἰγυπτιακῶν,
293 3637 323 3690 in
333 3651 423 3689 unum
442 3644 545 3688 temere
557 3619 751 3702 conjunxerit,
768 3647 783 3683 a
796 3628 859 3700 ple-

115 3717 188 3790 risque
208 3719 362 3776 dubitatum
385 3729 434 3776 est.
454 3719 514 3792 Ego
535 3735 586 3772 cur
609 3716 664 3770 boc
685 3715 749 3768 loco
775 3711 859 3768 fidem

115 3801 212 3871 Syncelli
236 3817 263 3860 et
282 3806 421 3877 judicium
446 3813 649 3876 suspectemus,
673 3801 743 3853 nihil
765 3794 858 3854 rideo.

115 3961 230 4020 illicibus
244 3979 325 4015 aarum
344 3964 408 4014 uotis
423 3963 498 4014 literis
510 3961 690 4023 biemgiyplricis
708 3961 858 4023 exprimeret.

116 4031 162 4079 luae
177 4046 202 4081 ac
220 4033 353 4085 doctissime
370 4035 400 4083 da
416 4035 453 4083 his
469 4031 582 4082 disseruit
598 4035 698 4081 Movere.
721 4033 859 4090 (Untersu-

116 4097 275 4161 ciamaretur
287 4105 328 4154 dte
338 4105 453 4165 Religion
462 4114 489 4150 ιι.
500 4101 526 4150 d.
543 4099 685 4150 Gottlteiten
694 4098 740 4147 der
752 4098 859 4147 Piceni-

117 4171 157 4214 :ter
166 4176 208 4220 mit
216 4173 348 4224 itaiciatclit
358 4171 457 4233 crescite
469 4168 635 4220 vermandten
655 4169 727 4217 carita
738 4167 785 4216 der
797 4170 861 4216 Gar-

117 4235 194 4299 imper,
203 4245 329 4305 AEpppter,
342 4245 388 4291 etc.
400 4243 477 4291 Bonn.
492 4242 558 4300 tait,
568 4251 592 4298 p.
607 4244 650 4286 105
656 4250 707 4298 sqq.
717 4239 740 4285 et
747 4235 858 4297 passim).

116 4306 220 4358 ctttcler.
231 4313 379 4375 liernrapion.
392 4309 500 4372 Appeud.
512 4322 535 4370 p.
549 4306 681 4365 5;Boecltb.
692 4306 708 4353 l.
722 4305 737 4353 l.
749 4319 772 4367 p.
786 4311 820 4354 17.
830 4333 860 4344 -

116 4377 205 4426 ὓιιεπιοι
213 4379 262 4429 llaec
270 4382 345 4430 sisola
354 4381 489 4440 exstarent,
500 4377 620 4438 juniorem
630 4376 718 4432 Σώιιος
727 4375 807 4438 βίὸλου
815 4375 860 4422 ori-

116 4443 176 4502 ginem
190 4447 249 4496 haud
264 4450 405 4512 probarent,
420 4460 495 4509 quum
513 4458 597 4508 parum
613 4445 718 4505 liqueat,
738 4455 861 4504 quousque

117 4513 216 4564 nctemaei
228 4519 247 4566 tl
260 4521 329 4568 aetate
337 4517 399 4566 docti
410 4517 512 4577 theologi
526 4515 551 4563 ln
561 4511 730 4574 conjungendis
740 4513 859 4560 variarum

116 4584 200 4640 iffltium
214 4588 424 4650 mythologumenis
434 4586 549 4650 progressi
563 4584 618 4632 sini.
651 4583 694 4632 cui
710 4581 807 4643 quidem
825 4582 860 4630 la-

117 4649 206 4702 lulamm
214 4657 318 4706 mixtioni
327 4657 382 4706 iude
390 4657 421 4705 ab
431 4653 557 4706 Alexandri
568 4652 716 4714 temporibus
724 4654 777 4699 tum
789 4651 862 4698 totius

116 4718 166 4767 orbis
176 4725 284 4774 terrarum
299 4725 418 4786 conditio,
435 4727 487 4773 tum
504 4721 612 4785 inprimis
624 4719 703 4769 studia
719 4720 858 4768 Ptolemaeo·

117 4799 158 4836 ἰιι
167 4803 296 4854 magnopere
305 4795 423 4844 latebant

140 4857 526 4923 l'lDeanctoribuseorumtneque
534 4861 597 4909 enim
607 4858 637 4908 ab
647 4871 771 4906 unamanu
782 4857 862 4905 omnia
892 4885 895 4892 -

117 4923 203 4980 ptoloma
218 4931 285 4991 suut)
311 4946 336 4980 v.
356 4935 410 4981 Art.
433 4933 457 4981 el
482 4931 567 4992 Riglm.
586 4931 610 4978 in
630 4928 686 4976 odii.
710 4928 859 4986 Ἀποτελεσμ.

118 4993 219 5046 iouente
228 5001 331 5063 itti)p.
340 5003 446 5051 xxxiv.
458 5001 496 5049 cl.
509 4998 693 5061 liengstenberg,
708 5001 751 5046 Die
762 4996 861 5046 Biicier

118 5063 180 5111 lines
189 5067 240 5114 αιιιί
249 5071 379 5132 AEppptcn,
390 5084 413 5132 p.
426 5073 479 5118 219.

235 5155 369 5194 ιιιιοιιτιιτι
380 5159 439 5193 mar.
451 5158 490 5193 un.
506 5171 531 5179 -
547 5157 598 5193 ιοι.
612 5158 635 5195 ιι-

1616 357 1671 408 tta

903 477 996 542 ¹Facile
1016 477 1147 549 equidem
1166 479 1293 534 concedo
1310 480 1360 532 tibi
1378 477 1502 535 Sothidis
1519 483 1592 536 libro
1611 501 1674 538 cum

904 563 1079 618 Manethonis
1096 556 1182 637 o'pere
1198 565 1332 619 historico
1352 566 1421 618 nibil
1436 585 1493 622 esse
1513 585 1674 638 commune,

906 667 1073 723 quamquam
1087 654 1145 724 ipsc
1159 654 1242 706 etiam
1252 652 1385 706 lilanetho
1399 655 1429 706 in
1439 655 1561 712 historiis
1573 661 1627 714 suis
1641 661 1677 714 de

905 739 1025 808 periodo
1038 739 1183 809 Sothiaca,
1197 738 1276 809 cujus
1284 757 1343 792 non
1353 750 1464 812 poterat
1473 761 1531 796 non
1540 748 1676 802 rationem

906 823 1022 891 habere,
1045 827 1211 897 exposuerit.
1252 826 1328 895 Quid
1350 844 1416 880 vero
1435 832 1527 901 cogit,
1548 844 1578 885 ιιι
1601 836 1678 906 apud

906 910 1065 980 syncellum
1077 912 1097 966 l.
1111 911 1130 967 l.
1144 911 1180 965 de
1191 912 1369 965 Manethonis
1379 910 1565 985 Αἰγυπτιακοῖς
1576 916 1678 987 cogite·

907 997 985 1050 mus?
996 999 1097 1052 Nonne
1110 999 1268 1070 complures
1282 998 1470 1070 dynastiamun
1483 999 1609 1054 laterculi
1625 1003 1676 1056 sub

906 1084 1080 1138 Manethonis
1090 1086 1204 1139 nomine
1216 1085 1500 1140 circumferebantur?
1511 1088 1619 1140 Horum
1630 1091 1677 1162 igi

908 1179 953 1221 tur
964 1187 1036 1224 unus
1051 1172 1134 1224 etiarn
1149 1171 1267 1226 Sotheos
1279 1172 1353 1225 libro
1366 1174 1410 1225 vel
1424 1175 1543 1226 insertus
1564 1175 1607 1228 vel
1625 1175 1674 1228 ad·
1746 1218 1751 1227 .

904 1252 993 1324 jectus
1006 1250 1103 1324 meite,
1117 1274 1151 1310 eo
1165 1256 1242 1311 baud
1255 1256 1340 1312 dubie
1352 1259 1467 1312 consilio
1480 1299 1488 1326 ,
1500 1269 1532 1312 ιιι
1545 1260 1675 1314 ostende·
1710 1269 1715 1277 '

906 1351 950 1394 ret
971 1353 1078 1411 auctor,
1096 1361 1246 1415 quamnam
1259 1345 1316 1396 vim
1330 1344 1464 1416 periodus
1479 1346 1526 1399 illa
1546 1346 1674 1402 Sothiaca

907 1512 991 1567 Unde
998 1517 1177 1588 consequitur
1183 1527 1309 1589 tempora
1320 1519 1517 1590 AEgyptiorum
1526 1519 1555 1570 in
1564 1519 1678 1573 eolibro

907 1601 945 1654 ita
958 1598 1039 1655 fuisse
1050 1601 1203 1671 adornata,
1217 1613 1249 1657 ιιι
1269 1615 1375 1658 certum
1392 1604 1532 1675 quendam
1546 1605 1678 1678 periodo-

908 1705 971 1740 nun
988 1706 1137 1743 numerum
1149 1690 1293 1762 explerent
1310 1686 1354 1766 γ’).
1370 1692 1412 1745 Ex
1426 1692 1478 1745 bac
1490 1693 1578 1764 igitur
1600 1703 1679 1764 parte
1752 1684 1756 1689 ⁴

908 1774 1069 1830 Chronicon
1079 1776 1454 1832 Pseudo-Manethonianum
1466 1797 1636 1851 componere
1646 1780 1678 1832 ii·

908 1871 950 1914 cct
971 1880 1034 1915 cum
1053 1864 1195 1918 Chronico
1215 1867 1328 1933 Vetere,
1349 1867 1447 1936 inquo
1461 1883 1547 1938 regna
1561 1867 1679 1921 deorum

907 1957 934 2000 et
943 1949 1104 2004 mortalium
1117 1950 1394 2022 comprehenduntur
1408 1950 1542 2022 ,dynastiis
1553 1954 1680 2026 triginta,

907 2036 1062 2090 annisvcro
1078 2035 1172 2091 36525
1183 2037 1240 2090 sive
1257 2035 1422 2100 sia-1461.
1465 2038 1643 2110 Quapropter
1658 2042 1680 2092 si

907 2121 1052 2192 Syncellus
1061 2142 1092 2194 p.
1109 2119 1142 2174 51
1160 2121 1195 2176 de
1207 2123 1305 2176 Vetere
1318 2123 1373 2176 boc
1385 2123 1525 2176 Chronico
1536 2124 1622 2177 verba
1637 2123 1678 2177 ia-

827 2246 844 2260 „
908 2208 983 2262 ciens
992 2208 1061 2264 dicit
1077 2228 1084 2262 ι
1097 2205 1213 2284 Φέρεται
1224 2205 1287 2283 παρ’
1299 2207 1449 2282 Αἰγυπτίοις
1459 2206 1570 2264 παλαιόν
1584 2229 1609 2263 τι
1617 2229 1680 2286 χρο-

832 2329 845 2344 a
908 2300 1058 2370 γογραρεῖον
1070 2291 1097 2358 ἐξ
1105 2284 1135 2348 ob
1146 2291 1245 2348 καὶτὸν
1256 2293 1367 2348 Μανεθῶ
1378 2295 1559 2361 πεπλανῆσθαι
1568 2298 1679 2370 νομίζω,

908 2391 935 2434 et
945 2382 1041 2452 paullo
1060 2393 1124 2453 post
1142 2400 1148 2434 :
1165 2376 1199 2437 ‘0
1214 2375 1264 2455 γὰρ
1278 2377 1341 2456 παρ’
1355 2381 1540 2456 Αἰγυπτιακοῖς
1554 2382 1679 2454 ἐπισημό-

907 2487 984 2530 τατος
998 2469 1110 2525 Μανεθῶ
1123 2466 1182 2545 περὶ
1194 2469 1246 2523 τῶν
1258 2468 1344 2523 αὐτῶν
1358 2466 1381 2525 λ’
1396 2469 1549 2525 δυναστιιῶν
1567 2468 1679 2546 γράψας,

908 2554 936 2610 ἐκ
945 2551 1043 2611 τούτων
1057 2553 1156 2624 δηλαδὴ
1167 2550 1256 2610 inibe
1266 2553 1312 2618 τὰς
1323 2552 1455 2632 ἀφορμὰς,
1468 2555 1535 2612 κατὰ
1547 2554 1612 2612 πολὺ
1624 2555 1678 2612 δια-

907 2647 986 2718 φωνεῖ
1006 2641 1065 2717 περί
1078 2639 1136 2706 τοὺς
1148 2639 1255 2718 χρόνους
1270 2640 1330 2718 περὶ
1348 2645 1431 2698 ταῦτα
1450 2644 1558 2699 :facilis
1578 2644 1678 2716 conje-

907 2721 1680 2800 emraestreterendahaecesseadeseudossttanerhonem

906 2818 952 2886 τῆς
968 2813 1068 2881 idon<
1080 2813 1170 2892 βίὸλου
1180 2828 1334 2874 auctorem.
1378 2817 1468 2890 quue
1477 2819 1520 2873 vel
1530 2836 1564 2873 eo
1574 2817 1680 2873 coniic-

907 2916 1009 2973 matur,
1018 2904 1099 2976 qnod
1112 2903 1368 2960 Pseudo-Manetho
1376 2944 1385 2970 ,
1403 2904 1504 2959 eodem
1520 2905 1607 2964 modo
1622 2925 1679 2977 quo

908 2991 991 3047 Vetus
1008 2991 1188 3061 chronicon,
1204 2993 1316 3065 triginta
1335 2992 1468 3064 dynastiis
1482 3001 1509 3045 et
1522 2994 1680 3047 mortalium

907 3088 935 3132 et
961 3079 1160 3133 immortalium
1182 3095 1268 3152 regna
1293 3077 1535 3150 comprehendisse
1561 3078 1679 3152 dicitur,

908 3166 976 3221 dum
986 3167 1047 3221 veri
1060 3165 1235 3220 Manethonis
1249 3166 1361 3239 triginta
1376 3164 1507 3236 dynastiae
1520 3167 1629 3223 nonnisi
1644 3165 1682 3219 ad

907 3253 1037 3306 mortales
1046 3253 1197 3324 pertinent.
1236 3252 1325 3306 Porro
1338 3254 1411 3305 utin
1423 3255 1523 3307 Vetere
1539 3251 1681 3306 Chronico

907 3349 1085 3394 recensentur
1110 3339 1269 3392 mortalium
1292 3348 1319 3391 et
1345 3339 1543 3393 immortalium
1567 3355 1681 3411 genera·

909 3427 996 3479 tiones
1024 3424 1092 3492 113,
1116 3425 1154 3478 sic
1175 3426 1256 3478 etiam
1276 3425 1535 3479 Pseudo-Manetho
1565 3423 1681 3478 totidem

905 3514 1098 3586 generationes
1124 3529 1281 3566 numerasse
1311 3513 1429 3579 dicitur,
1452 3522 1520 3565 teste
1550 3511 1680 3582 Syncello

907 3601 923 3654 Ι.
934 3601 952 3652 l.
964 3601 1088 3654 Ulterius
1096 3599 1154 3652 baec
1165 3599 1262 3670 paullo
1274 3597 1344 3652 infra
1356 3616 1568 3670 prosequemur.
1598 3600 1679 3652 Nunc

908 3686 963 3738 hoc
986 3704 1074 3738 unum
1099 3687 1239 3740 monuisse
1260 3685 1415 3754 referebat,
1437 3682 1556 3739 Sotbeos
1577 3685 1681 3738 librum

906 3771 1041 3841 sequioris
1055 3788 1112 3825 esse
1124 3772 1225 3842 aratis,
1235 3788 1327 3842 neque
1338 3771 1396 3824 ullo
1409 3770 1496 3824 modo
1506 3789 1570 3824 cum
1583 3773 1680 3825 illane-

905 3857 997 3910 monis
1011 3857 1087 3911 libris
1099 3858 1187 3911 tribus
1200 3857 1383 3930 Αἰγυπτιακῶν
1401 3856 1638 3930 conjungendum.

944 3945 1073 4000 Ceterum
1086 3946 1109 3998 si
1125 3945 1244 3999 Sotbeos
1256 3944 1321 3997 libri
1334 3953 1477 3997 auctorem
1490 3941 1680 3996 Pseudo-Ma-

905 4032 1056 4086 nctbonem
1082 4031 1170 4086 modo
1191 4019 1341 4104 appellavi,
1364 4048 1423 4084 non
1448 4028 1486 4084 ita
1506 4041 1599 4082 ιιιιιιειι
1623 4029 1679 4083 ἰιοο

906 4118 1057 4191 intelligas,
1082 4119 1160 4190 quasi
1180 4119 1287 4188 reliqua
1306 4134 1367 4187 quae
1381 4132 1415 4168 ex
1433 4115 1602 4169 Manethone
1620 4126 1678 4170 tra-

906 4204 1021 4274 duntur,
1040 4206 1134 4259 omnia
1151 4192 1217 4259 vere
1235 4202 1450 4257 Manethoniana
1473 4212 1571 4257 essent.
1589 4204 1680 4257 Immo

907 4310 969 4362 quar
988 4310 1022 4346 ex
1040 4292 1223 4365 Αἰγυπτιακῶν
1237 4290 1316 4344 libris
1329 4289 1405 4362 apud
1424 4289 1592 4362 Josephum‚
1605 4289 1676 4344 atri-

906 4398 1022 4447 canum,
1042 4377 1207 4446 Eusebium,
1222 4377 1380 4449 syncellum
1393 4379 1523 4445 citantur,
1533 4388 1680 4449 tantopere

906 4466 979 4519 inter
996 4464 1185 4536 sedifferunt,
1201 4475 1234 4517 ut
1253 4481 1337 4517 nemo
1351 4482 1410 4517 non
1430 4463 1523 4519 rideat
1538 4464 1680 4536 dynastia-

906 4571 968 4607 rum
988 4553 1201 4607 adornationem
1219 4569 1407 4622 numerosque
1421 4569 1573 4624 regnorum
1591 4569 1679 4606 anno·

938 4716 969 4774 (¹¹)
982 4714 1143 4777 ci.,soaliger.
1154 4711 1185 4760 ad
1196 4713 1283 4762 buseb.
1295 4725 1320 4773 p.
1331 4716 1376 4761 iott
1388 4726 1394 4755 :
1410 4733 1422 4754 ο
1437 4713 1557 4761 Videntur
1573 4712 1679 4772 AEgyptii

906 4797 1023 4832 annorum
1039 4795 1137 4831 saomm
1147 4783 1262 4844 epocham
1280 4783 1438 4831 certissimam
1450 4784 1497 4831 ἀπο
1507 4787 1547 4840 τῆς
1561 4783 1679 4838 lutrense

905 4854 1012 4918 περιόδου
1027 4853 1176 4915 repetivisse,
1194 4856 1223 4902 ut
1237 4853 1362 4902 manilosto
1378 4853 1496 4914 colligitur
1510 4864 1541 4900 ea
1555 4850 1680 4900 clemente

907 4926 974 4974 Alex.
986 4926 1091 4984 (strom.
1102 4927 1125 4984 l,
1136 4936 1162 4986 p.
1174 4925 1251 4984 σοι),
1265 4934 1345 4983 ιιοιγιιε
1354 4921 1438 4971 dubito
1446 4923 1488 4978 τὴν
1500 4922 1589 4976 trimo<
1600 4919 1679 4982 βίσλον

905 5000 946 5042 τοῦ
957 4995 1054 5041 Macrin
1066 4992 1188 5044 abeodem
1199 4992 1266 5041 initio
1274 5003 1356 5052 regom
1368 5002 1466 5039 suorum
1475 4987 1594 5050 dynastiae
1602 4987 1679 5035 dedu·

907 5073 976 5112 xtsse.
988 5085 999 5106 u

1506 5184 1532 5224 33
