3834 5767
838 338 1085 398 nasutium.

154 495 210 547 ρον·
226 463 269 529 οἷα
290 469 322 527 τὰ
341 473 392 528 τῶν
410 469 585 547 χρυσωρύχων
604 467 757 547 μυρμήκων,
776 467 821 524 καὶ
840 467 925 524 ἄλλων

153 557 250 636 θηρίων
257 581 285 615 τε
296 557 340 614 καί
350 554 490 634 ἀνθρώπων
501 556 666 634 ίδιομόρρων,
677 555 721 612 καί
731 552 855 629 δυνάμεσί
862 575 926 610 τισιν

154 641 365 720 ἐξηλλαγμένων·
380 646 414 706 ῶς
426 640 484 706 τοὺς
496 644 584 719 Σῆρας
599 639 755 718 μακροῦίους
768 639 845 719 φασί,
861 638 928 716 πέρα

154 734 199 788 καί
222 729 358 786 διακοσίων
379 729 442 784 έτῶν
461 728 672 804 παρατείνοντας,
689 725 809 803 «Λέγουσι
832 725 859 782 δὲ
884 725 928 782 καί

155 815 369 896 δριατοκρατικήν
383 839 439 873 τινα
453 815 570 884 σύνταξιν
585 814 715 880 πολιτείας
727 814 814 872 αὐτόθι
825 815 854 871 ἐκ
866 835 929 870 πεν-

154 903 322 981 τακισχιλίων
338 903 482 979 βουλευτῶν
492 905 663 972 συνεστῶσαν,
673 893 708 958 ῶν
724 899 831 958 ἕκαστον
844 898 925 978 παρέ-

155 995 246 1067 χεσθαι
261 991 387 1068 τῷκοινῷ
401 988 672 1067 έλέραντα.8ετγιείῑυτ
698 991 734 1044 t'r.
755 1007 799 1044 ro.
827 1004 830 1012 ⁴

519 1119 563 1174 26.

196 1245 305 1298 Arriam
324 1241 386 1295 ino.
403 1260 429 1296 c.
445 1258 478 1294 io
490 1259 498 1293 .·
511 1237 620 1314 Λέγεται
630 1236 657 1294 δὲ
669 1236 713 1294 καί
723 1236 799 1312 τάδε,
811 1233 929 1312 μνημήια

155 1325 196 1384 δτι
206 1325 285 1386 ‘beot
294 1325 345 1389 τοῖς
356 1321 539 1392 τελευτήσασιν
549 1325 577 1380 od
587 1323 725 1395 ποιέουσιν,
736 1319 803 1378 ἀλλὰ
816 1318 861 1386 τὰς
873 1321 930 1398 cipe·

156 1413 202 1478 τδς
212 1411 262 1490 γδρ
280 1413 331 1468 τῶν
344 1411 442 1488 ἀνδρῶν
461 1409 549 1476 ίκανὰς
563 1415 587 1475 ἐς
604 1409 709 1484 μνήμην
721 1407 832 1466 τίθενται
849 1413 929 1464 τοῖσιν

156 1502 323 1570 ἀποθανοῦσι,
332 1497 375 1555 καί
385 1495 431 1564 τδς
439 1494 507 1576 ᾠδὸς
517 1495 545 1553 αθ
554 1498 666 1554 αὐτοῖσιν
674 1493 821 1574 ἐπᾴδονται.
835 1495 867 1571 (ν)
879 1496 932 1552 Πο-

156 1586 219 1642 λίων
237 1585 264 1642 ei
284 1583 389 1662 ἀριθμὸν
410 1585 457 1641 οῦκ
471 1573 535 1641 εἶναι
551 1581 582 1642 δν
599 1583 704 1662 ἀτρεκὲς
715 1579 864 1660 ἀναγράψαι
878 1583 929 1638 τῶν

158 1673 272 1732 Ἰνδικῶν
282 1674 332 1728 ὑπὸ
340 1668 462 1740 πλήθεος·
475 1668 542 1727 tiit
552 1669 601 1748 γὰρ
611 1669 669 1728 ὅσαι
677 1666 876 1746 παραποτάμιον
888 1669 930 1726 αῦ-

158 1756 249 1828 τέωνή
262 1757 489 1835 παραθαλάσσιοι,
504 1755 598 1820 ταύτας
611 1754 658 1828 μίν
675 1753 774 1822 ξυλίνας
789 1751 930 1811 ποιέεσθαι·

158 1849 190 1922 (τί
210 1845 238 1902 οῦ
259 1841 310 1921 γδρ
327 1833 391 1900 εἶναι
407 1845 437 1902 ἐκ
450 1841 555 1900 πλίνθου
571 1840 722 1918 ποιεομένας
737 1839 872 1918 διαρκέσαι
887 1839 930 1898 ἐπὶ

157 1929 249 2011 χρόνον
261 1935 304 1988 τοῦ
322 1952 349 1987 τε
361 1928 451 1994 ὕδατος
465 1927 540 1986 tisis
554 1934 598 1986 τοῦ
615 1927 640 1994 ἐξ
658 1931 782 2006 οὐρανοῦ,
794 1926 840 1984 καί
852 1925 892 1984 ὅτι
908 1929 931 1984 ot

157 2015 271 2090 ποταμοί
283 2017 396 2073 αὐτοῖσιν
412 2013 615 2093 θπερὸέλλοντες
626 2011 690 2092 ὑπὲρ
702 2013 747 2080 τδις
761 2013 839 2091 ὄχθας
853 2015 931 2087 ἐμπι-

158 2106 240 2158 πλᾶσι
254 2107 297 2159 τοῦ
312 2099 402 2166 ῦδατας
415 2101 448 2158 τθι
466 2101 553 2158 πεδία.
598 2100 627 2178 (ε)
642 2096 724 2158 Ὅσαι
744 2099 770 2157 δέ
787 2103 813 2157 έν
827 2103 932 2179 θπερδε·

158 2187 232 2256 ξίοισί
242 2211 269 2246 τι
275 2189 319 2247 καὶ
330 2187 481 2266 μετεώροισι
488 2189 588 2246 τόποισι
595 2187 640 2246 καλ
648 2186 772 2247 τούτοισιν
785 2190 930 2266 ὑψηλοῖσιν,

157 2273 301 2355 ᾠκισμέναι
321 2276 383 2346 εἰσὶ,
404 2275 501 2342 ταύτας
519 2275 546 2333 δὲ
564 2278 594 2334 ἐκ
612 2276 717 2334 πλίνθου
736 2299 764 2332 τε
786 2275 830 2334 καὶ
848 2277 932 2346 πηλοῦ

158 2361 299 2419 ποιέεσθαι·
310 2361 341 2440 (ν)
349 2363 472 2438 μεγίστην
478 2361 504 2420 δὲ
511 2363 584 2421 πόλιν
590 2367 616 2421 ἐν
623 2363 741 2422 Ἰνδοῖσιν
752 2353 817 2419 εἶναι
825 2361 931 2436 Παλίμ-

161 2447 243 2525 &adpo
256 2448 424 2523 καλεομένην,
443 2451 468 2506 ἐν
479 2454 512 2528 τῇ
525 2447 647 2528 Πρασίων
662 2454 705 2528 γῇ,
714 2448 757 2507 ἵνα
767 2451 793 2506 αῖ
804 2447 934 2525 συμὸολαί

159 2537 209 2591 ιίσι
220 2538 266 2590 τοῦ
281 2557 309 2591 τε
323 2533 481 2614 Ἐραννοὸόα
501 2541 619 2610 ποταμοῦ
631 2535 677 2592 καί
690 2541 734 2593 τοῦ
750 2534 873 2612 Γσίγγεω·
889 2540 934 2594 τοῦ

160 2621 208 2698 μὲν
222 2621 346 2699 Γάγγεω,
359 2629 403 2681 τοῦ
416 2622 537 2700 μεγίστου
550 2626 687 2698 ποταμῶν·
698 2627 711 2681 θ
724 2621 750 2680 δέ
760 2619 934 2701 Ἐραννοῦόας

159 2708 242 2788 τρίτος
254 2708 301 2783 μὲν
316 2708 346 2765 δν
362 2708 401 2779 είη
419 2713 470 2767 τῶν
490 2710 579 2768 Ἰνδῶν
594 2713 729 2784 ποταμῶν,
745 2708 828 2784 μέζων
841 2709 868 2766 δὲ
882 2713 934 2766 τῶν

159 2795 228 2874 ἄλλῃ
240 2795 285 2852 καί
295 2787 381 2862 οῦτος·
393 2795 460 2854 elil
471 2795 608 2875 ξυγγωρέει
618 2795 692 2861 αὐτὸς
702 2799 740 2876 τῷ
750 2797 855 2872 Γάγγῃ,
868 2795 936 2852 έπει·

159 2881 207 2938 δθιν
222 2879 377 2958 ἐμῦέλληές
395 2880 471 2939 αὐτὸν
483 2881 513 2938 rb
525 2881 603 2962 ὕδωρ.
646 2881 677 2960 (ο)
693 2881 746 2941 Καὶ
759 2883 828 2957 λέγει
843 2885 937 2958 ίίίεγα-

159 2967 263 3041 σθένης,
282 2973 363 3043 μῆκος
383 2967 429 3044 μέν
453 2967 554 3047 έπέχειν
572 2968 618 3039 τήν
637 2968 712 3025 πέλεν
730 2968 789 3026 κατ’
812 2967 936 3048 ἑκατέρην

159 3045 208 3116 τήν
228 3047 340 3125 πλευρήν
354 3046 447 3124 ἵναπερ
462 3046 612 3126 μακροτάτη
632 3047 697 3116 αὐτὴ
712 3049 809 3116 ἑωυτῆς
826 3045 935 3125 ᾤκισται

161 3134 187 3197 ές
198 3132 355 3209 ὀγδοήκοντα
367 3133 485 3198 σταδίους
502 3133 532 3190 τὸ
546 3133 572 3191 δέ
589 3133 686 3198 πλαίτος
705 3135 729 3200 ές
740 3135 935 3191 πεντεκαίδεκα·

164 3305 214 3360 tur,
228 3299 268 3348 sed
280 3303 376 3361 propter
385 3300 540 3362 ignorantiam
555 3303 580 3350 et
588 3301 784 3362 longinquitatem
801 3301 904 3351 inflatius
913 3306 937 3350 et

160 3377 321 3440 portentoeius
331 3380 411 3425 omnia
424 3379 567 3425 narrantur:
588 3380 614 3427 ut
631 3379 726 3439 quarite
742 3379 845 3427 formicis
860 3378 936 3440 perbi-

160 3455 250 3512 bentur
261 3465 347 3505 aurum
356 3452 524 3506 effodientibus
538 3455 563 3502 et
572 3453 602 3502 de
611 3455 693 3508 bestiis
703 3457 755 3505 aliis
763 3458 788 3504 et
796 3455 826 3504 dc
834 3455 936 3502 liomini·

161 3531 223 3591 bus,
236 3529 277 3594 qui
287 3530 418 3591 peculiares
429 3529 545 3591 quasdam
552 3530 640 3580 turmas
647 3533 671 3580 et
682 3531 812 3594 singulares
822 3527 885 3580 vires
893 3532 937 3578 tia·

153 3607 253 3658 beant:
268 3619 325 3656 nam
342 3610 410 3656 Seres
423 3608 474 3656 taur
487 3606 623 3668 longinque
638 3607 751 3657 dicuntur
762 3610 832 3666 ritae,
851 3611 877 3656 ut
892 3607 937 3656 du·

162 3683 319 3732 centesimum
331 3695 420 3731 annum
429 3683 554 3732 excedant.
564 3687 653 3733 Ferunt
661 3685 734 3734 etiam
746 3685 866 3748 quendam
874 3687 937 3746 opti·

164 3760 266 3809 matium
286 3757 394 3808 ordinem
406 3759 579 3822 rempublicam
593 3761 724 3822 gubernare
735 3775 749 3810 e
762 3762 869 3823 quinque
881 3761 937 3810 mil·

164 3835 228 3884 tibus
237 3833 423 3883 consiliariorum
433 3837 593 3896 constantem,
603 3849 706 3898 quorum
721 3837 821 3899 uirisque
830 3837 938 3898 elepiiau·

163 3915 219 3961 turo
233 3911 368 3972 reipublicae
376 3911 491 3973 praebeat.

198 4075 318 4124 Feruntur
333 4075 406 4124 edam
422 4075 474 4124 boeo
487 4094 493 4123 z
507 4077 560 4124 lton
576 4075 679 4125 condere
697 4075 767 4124 indos
787 4079 940 4124 monumenta

166 4151 278 4211 morisim
287 4153 388 4200 rirtmes
396 4151 458 4200 enim
470 4151 575 4200 virorum
585 4151 615 4200 ad
625 4151 810 4214 perpetuandum
819 4155 940 4213 postmor-

166 4232 219 4277 tem
230 4227 369 4276 memoriam
376 4227 637 4290 auidoereexlstimant,
648 4231 673 4277 et
678 4229 782 4276 carmina
791 4232 864 4290 atque
873 4228 940 4288 odas,

166 4317 224 4369 qum
235 4303 348 4352 incorum
362 4303 476 4352 honorem
492 4309 619 4354 canuntur.
654 4305 687 4366 (2)
699 4305 799 4353 Urbium
809 4318 865 4354 vero
875 4304 941 4354 ludi-

167 4394 252 4430 camm
260 4393 444 4442 numerumpre
451 4381 604 4431 multitudiue
611 4385 760 4444 compertum
772 4395 820 4432 non
831 4396 895 4432 asse:
903 4395 943 4432 eas

167 4473 226 4509 reru
235 4473 290 4521 qum
299 4459 370 4519 iuxta
378 4454 477 4509 domina
486 4463 528 4509 aut
540 4473 605 4509 mare
613 4461 665 4510 sitm
683 4460 745 4521 sint,
758 4475 788 4509 ex
804 4461 879 4522 lignea
891 4473 942 4510 mu·

167 4536 230 4586 teria
237 4537 386 4585 constructos
398 4549 464 4597 esse3
477 4537 510 4598 (υ)
520 4538 684 4598 nequeenim,
700 4537 720 4586 si
734 4551 765 4586 ex
778 4537 943 4586 lateremntc·

170 4615 217 4662 ctae
227 4614 319 4672 essent,
328 4613 399 4674 longo
411 4613 517 4674 tempore
526 4613 666 4672 duraturas,
673 4616 725 4661 tum
737 4615 833 4674 propter
843 4613 943 4675 imbros,

169 4688 297 4750 tumquod
312 4701 394 4738 amnes
405 4689 522 4750 superatis
531 4688 587 4750 ripis
601 4689 672 4750 plana
683 4689 736 4738 locu
753 4701 816 4750 equa
829 4689 943 4750 repleant.

170 4767 205 4826 (i)
213 4770 274 4824 Quae
283 4779 339 4815 vero
345 4766 369 4814 iu
383 4766 544 4828 superioribus
552 4769 576 4816 et
586 4766 764 4815 sublimioribus
780 4765 946 4828 praecipueque

170 4843 295 4893 attislocte
303 4843 386 4904 positae
394 4842 455 4904 unt,
468 4855 499 4892 ex
511 4842 624 4892 lateribus
636 4845 661 4892 et
671 4845 788 4892 cumauro
802 4842 875 4890 iactas
886 4855 944 4892 esse.

171 4918 206 4979 (a)
216 4917 345 4967 Maximam
351 4919 432 4966 autem
442 4917 506 4979 apud
516 4917 587 4967 indos
596 4917 680 4966 urbem
695 4930 746 4968 ease
755 4916 947 4968 Palirnbotbrain

172 4993 309 5049 Prasiorum
323 4992 418 5054 tinibus,
428 4993 459 5042 sd
471 4993 616 5043 Erannobore
625 4995 744 5055 etGang'u
753 4993 878 5042 ilumtnum
889 5006 947 5042 eon-

173 5071 296 5128 ssuentem.
309 5085 337 5120 ae
350 5073 444 5132 Ganges
454 5072 551 5132 quidem
561 5072 680 5121 maximus
690 5072 797 5120 omnium
808 5071 946 5133 tluminum;

174 5147 329 5200 Erannoboas
344 5150 425 5196 autem
435 5149 519 5197 tertius
529 5149 626 5198 tortasse
637 5149 707 5199 luerit
721 5149 794 5199 indiae
805 5148 945 5208 ilumirmm,

1685 344 1745 390 dit

972 467 1002 540 (τ)
1020 463 1116 544 τάφρον
1129 461 1156 520 δὲ
1167 460 1371 540 περιῦεῦλῆοθαι
1388 464 1420 539 τῇ
1435 458 1495 516 πόλι
1510 457 1539 516 τὸ
1553 449 1623 535 εὖρος
1636 457 1745 524 ἐξέπλε-

972 554 1040 630 θρον,
1051 550 1081 606 τὸ
1095 548 1122 606 δὲ
1135 549 1210 627 βάθος
1220 545 1357 626 τριήκοντα
1373 545 1494 622 πήχεων·
1505 541 1616 623 πύργους
1630 543 1657 601 δέ
1672 543 1747 601 {630-

973 636 1091 706 μήκοντα
1104 635 1149 692 καί
1160 631 1342 698 πεντακοσίους
1353 631 1454 709 ἐπέχειν
1467 630 1497 688 τδ
1507 634 1591 708 τεῖχος
1605 630 1649 688 καὶ
1662 629 1747 694 πύλας

972 720 1099 798 τέσσαρας
1113 720 1158 778 καί
1175 719 1308 790 ἑξήκοντα.
1350 717 1383 796 (a)
1404 708 1481 777 Εἶναι
1499 715 1586 774 δὲκαὶ
1605 717 1663 774 τόδε
1678 716 1746 793 μέγα

973 809 999 863 έν
1012 811 1045 884 τῇ
1061 806 1148 866 Ἰνδῶν
1158 811 1207 884 γῇ,
1219 804 1319 870 πάντας
1333 803 1426 870 Ἰνδοὺς
1438 795 1503 860 εἶναι
1516 802 1661 882 ἐλευθέρους
1670 847 1679 877 ,
1689 802 1748 861 οὐδέ

973 915 1030 949 τινα
1044 894 1134 950 δοῦλον
1150 883 1216 949 εἶναι
1231 890 1327 950 Ἰνδόν·
1345 896 1420 949 τοῦτο
1438 889 1484 965 μὲν
1505 889 1747 965 Λακεδαιμονίοισιν

974 981 998 1044 ές
1015 978 1095 1037 ταύτὸ
1106 978 1241 1054 συμῦαίνει
1255 978 1300 1034 καί
1312 976 1424 1038 Ἰνδοῖσι.
1467 978 1497 1052 (ολ
1518 976 1747 1053 Λακεδαιμονίοισι

974 1064 1060 1141 μένγε
1071 1068 1093 1123 οἱ
1106 1063 1209 1131 εἵλωτες
1220 1063 1307 1122 δοῦλοί
1319 1067 1368 1122 εἶσι
1377 1064 1423 1121 καί
1435 1062 1468 1120 τδι
1477 1064 1573 1121 δούλοιν
1588 1063 1749 1140 ἐργάζονται·
1778 1071 1784 1082 ’

974 1152 1077 1212 Ἰνδοῖσι
1093 1151 1119 1209 δὲ
1134 1151 1191 1209 οὐδὲ
1204 1149 1281 1215 ἄλλος
1295 1149 1383 1216 δοῦλός
1399 1151 1454 1207 ἐστι
1473 1150 1537 1225 μήτι
1554 1171 1583 1227 γε
1600 1149 1687 1207 Ἰνδῶν
1702 1171 1749 1213 τις.

1339 1292 1387 1342 ογ.

1013 1392 1114 1448 Strabo
1127 1393 1189 1458 XV,
1201 1410 1230 1464 p.
1248 1408 1403 1464 709-710
1420 1408 1426 1445 :
1447 1387 1565 1451 Εὐτελεῖς
1579 1384 1606 1443 δὲ
1619 1387 1687 1444 κατδ
1701 1386 1750 1455 τήν

975 1476 1075 1534 δίαιταν
1086 1477 1110 1533 οί
1122 1475 1197 1535 Ἰνδοὶ
1208 1474 1318 1545 πάντες,
1334 1476 1432 1551 μᾶλλον
1447 1473 1469 1530 δ’
1482 1475 1509 1530 έν
1522 1474 1578 1538 ταῖς
1589 1470 1748 1550 στρατείαις·

976 1565 1028 1621 οὐδ’
1040 1561 1112 1640 ὄγλιρ
1120 1564 1234 1640 περιττῷ
1245 1560 1381 1639 χαίρουσι·
1393 1561 1481 1639 διόπερ
1493 1560 1658 1634 εὖκοσμοῦσι.
1674 1559 1753 1618 litai·
1825 1575 1831 1584 ‘

975 1673 1024 1720 στη
1038 1650 1062 1707 δ’
1076 1646 1206 1726 έπιχειρία
1217 1646 1277 1725 περὶ
1288 1647 1335 1712 τὰς
1347 1645 1454 1710 κλοπάς.
1469 1643 1623 1720 Γινομένους
1634 1645 1751 1720 (γενόμε-

975 1755 1015 1799 νος
1039 1736 1114 1808 conj.
1140 1735 1212 1809 Cas.)
1231 1734 1254 1790 δ’
1273 1723 1318 1790 οῦν
1337 1734 1364 1789 ἐν
1380 1733 1418 1810 τῷ
1434 1727 1627 1809 Σανδροκέπον
1643 1751 1753 1808 στρατο-

975 1822 1045 1900 πέδῳ
1057 1821 1135 1899 ρησὶν
1148 1823 1161 1878 θ
1176 1818 1405 1898 Μεγασθένης,
1419 1816 1608 1897 τετταράκοντα
1621 1816 1752 1896 μυριάδων

975 1907 1088 1976 πλήθους
1100 1907 1250 1987 ἱδρυμένου,
1260 1906 1391 1983 μηδεμίαν
1403 1905 1503 1984 ἡμέραν
1515 1906 1576 1962 tisis
1590 1903 1753 1980 ἀνηνεγμένα

975 1994 1116 2069 κλέμματα
1127 1993 1251 2051 πλειόνων
1265 1991 1432 2062 ἣ-διακοσίων
1447 1994 1572 2070 δραγμῶν
1585 1988 1658 2062 ἄξια,
1673 1990 1752 2069 ἀγρέ-

978 2103 1033 2159 ροις
1047 2080 1092 2137 καὶ
1103 2085 1186 2137 ταῦτα
1195 2077 1282 2152 νόμοις
1295 2079 1447 2157 χρωμένοις.
1468 2078 1500 2154 (t)
1517 2075 1587 2136 Odit
1600 2075 1650 2154 γδρ
1662 2077 1753 2154 γράμ-

978 2189 1049 2241 ματα
1062 2165 1156 2224 εἰδέναι
1170 2163 1273 2237 αὐτοῦς,
1287 2167 1345 2222 αἰλλΙ
1359 2163 1411 2221 ἀπὸ
1422 2162 1527 2240 μνήμης
1536 2160 1636 2219 ἕκαστα
1647 2162 1751 2219 διοικεῖ·

978 2241 1103 2329 σθαι’(’)·
1118 2243 1146 2311 εῦ
1169 2253 1291 2333 πράττειν
1313 2253 1335 2309 δ’
1353 2250 1422 2326 ὅμως
1436 2249 1479 2308 διδι
1494 2249 1541 2318 τήν
1557 2247 1693 2317 ἁπλότητα
1707 2248 1761 2310 καὶ,

1009 2393 1040 2453 (θ
1061 2390 1262 2442 Schwanbeolrioc
1277 2390 1294 2439 t.
1309 2390 1326 2439 l.
1341 2403 1364 2452 p.
1379 2396 1404 2438 si
1421 2388 1662 2450 :summouisse
1682 2388 1751 2446 iguo·

982 2464 1019 2510 rat
1030 2460 1198 2524 antiquitatem
1212 2460 1334 2519 indicam,
1350 2459 1410 2520 quin
1425 2471 1466 2519 per
1483 2471 1588 2506 errorem
1599 2455 1687 2504 dixerit
1702 2456 1754 2517 itte,

979 2530 1043 2592 apud
1053 2531 1124 2580 indos
1134 2530 1299 2592 scriptaslegee
1308 2543 1357 2578 non
1368 2529 1456 2588 valere,
1463 2527 1532 2580 rame
1539 2525 1667 2576 dubitabit.
1680 2527 1763 2586 cujus

980 2598 1067 2647 erroris
1078 2611 1149 2646 causa
1160 2601 1239 2660 potest
1248 2598 1337 2660 duplex
1354 2598 1443 2646 tuisse:
1458 2609 1514 2645 nam
1530 2609 1578 2645 non
1593 2595 1666 2643 modo
1676 2594 1757 2650 adliue

981 2667 1150 2729 peregrinaturi
1163 2680 1227 2729 aegre
1240 2666 1338 2715 obvenit
1349 2666 1443 2715 occasio
1460 2667 1560 2727 scriptas
1569 2664 1633 2728 leges
1643 2663 1761 2722 videndi„

980 2751 1056 2800 quum
1066 2738 1206 2791 Brabmanse
1221 2737 1245 2784 in
1257 2737 1373 2787 memoria
1388 2736 1580 2795 babeanttegum
1591 2733 1698 2786 οοθίοσιυ
1713 2746 1757 2786 ue·

980 2807 1063 2868 quein
1074 2806 1190 2867 judicium
1200 2808 1339 2868 apportent,
1350 2805 1393 2854 sert
1406 2806 1478 2854 etiam
1494 2804 1546 2853 indi
1563 2816 1619 2852 cum
1633 2803 1757 2852 manitesia

980 2875 1084 2936 quadam
1093 2889 1165 2928 cama
1173 2876 1248 2936 legem
1257 2877 1377 2938 appeliant
1386 2878 1483 2926 amiriti
1494 2875 1525 2934 (i.
1536 2887 1557 2923 e
1567 2875 1658 2934 μνήμη,
1669 2885 1757 2921 merno-

982 2944 1314 3064 insitionibus
1323 2946 1494 3075 *illidii
1508 2942 1685 3072 {mid
1693 2942 1765 3060 ¹¹lii

1309 3048 1316 3071 t
1690 3046 1698 3071 t

982 3082 1377 3143 iudicentureamemoriaomnia.
1411 3083 1495 3143 ltaque
1502 3081 1574 3130 etiam
1584 3081 1707 3130 Nearchus
1715 3092 1759 3141 ap.

984 3152 1063 3202 Strati.
1075 3165 1099 3214 p.
1108 3157 1154 3202 716
1163 3152 1294 3213 contendit,
1299 3152 1351 3206 τοὺς
1358 3151 1442 3213 νόμους
1452 3151 1565 3213 ἀγράφους
1574 3150 1645 3208 εἶναι,
1657 3152 1682 3199 et
1694 3149 1769 3211 quod.

980 3305 1005 3350 et
1016 3303 1093 3363 major
1104 3303 1146 3351 uic
1157 3315 1254 3365 quoque
1268 3302 1370 3351 aliarum
1379 3301 1600 3361 terrarumiluriis‚
1618 3299 1660 3350 sed
1680 3298 1766 3362 cangi

981 3377 1059 3438 cedit,
1069 3392 1145 3440 quum
1154 3380 1178 3428 in
1189 3393 1245 3428 eum
1259 3392 1348 3441 aquam
1357 3391 1425 3427 snam
1433 3378 1558 3427 immittat.
1590 3378 1624 3438 (o)
1640 3377 1759 3438 titporru

981 3455 1143 3518 Megasthenes
1158 3455 1332 3516 longitudinem
1352 3455 1419 3503 urbis
1432 3467 1484 3504 mse
1500 3453 1531 3503 ab
1548 3455 1651 3514 utroque
1670 3453 1758 3511 latere,

982 3545 1031 3595 qua
1039 3532 1173 3594 longissime
1181 3533 1313 3592 habitatur,
1321 3531 1453 3581 stadiorum
1462 3545 1536 3592 nau,
1546 3531 1697 3581 latitudinem
1707 3544 1740 3580 κν
1749 3549 1757 3592 ;

982 3611 1160 3672 (illaesamque
1175 3611 1229 3659 urbi
1242 3610 1441 3669 circumductam,
1451 3608 1577 3658 latitudine
1585 3621 1629 3656 sex
1635 3607 1757 3669 jugerum,

982 3686 1107 3736 altitudine
1123 3686 1261 3736 cubitorum
1280 3700 1344 3748 ναις
1360 3698 1456 3734 murum
1475 3688 1554 3734 turres
1569 3683 1657 3732 trabere
1678 3697 1757 3745 naar,

983 3765 1063 3824 podas
1071 3774 1138 3811 cxiv.
1152 3761 1186 3823 (8)
1194 3765 1246 3811 lloc
1255 3762 1327 3811 εθεια
1336 3775 1387 3811 esse
1396 3759 1550 3810 memorabile
1559 3763 1584 3808 in
1594 3759 1670 3820 ludia,
1677 3772 1761 3808 ornnes

983 3838 1214 3900 ludostiberosecse‚
1222 3838 1487 3900 nequeullumomnino
1496 3837 1583 3887 ludum
1592 3848 1689 3884 surum
1697 3849 1756 3885 esse.

985 3920 1039 3972 Qua
1050 3915 1146 3977 quidem
1151 3915 1176 3963 in
1185 3929 1211 3962 re
1224 3915 1289 3966 ludis
1296 3927 1351 3963 cum
1360 3913 1543 3963 lacedemoniis
1554 3912 1671 3961 convenit
1677 3913 1711 3972 (ii)
1718 3917 1759 3962 ba·

984 3993 1135 4042 collemontis
1143 3995 1224 4042 tamen
1244 3993 1340 4042 ltelotes
1350 3993 1411 4041 servi
1434 3995 1505 4051 sunt,
1522 3990 1663 4051 servilisque
1679 3991 1760 4039 munia

983 4069 1089 4119 obeunt:
1102 4068 1166 4119 indis
1176 4082 1234 4118 nero
1247 4082 1324 4130 neque
1333 4069 1485 4118 aiiosserrus
1493 4070 1541 4127 est,
1551 4066 1762 4120 nedumlndorum

985 4145 1120 4208 quisquam.

1348 4229 1392 4279 27.

1016 4309 1068 4358 indi
1076 4311 1102 4358 in
1111 4309 1178 4358 rictu
1194 4309 1296 4371 frugales
1303 4311 1374 4370 mut,
1386 4309 1518 4372 presertim
1528 4309 1552 4358 iu
1563 4307 1662 4369 castris,
1672 4308 1763 4369 etquis

986 4386 1166 4454 supervacaneis
1182 4399 1231 4434 non
1250 4384 1409 4448 delectentur,
1428 4387 1516 4436 ornatu
1531 4384 1632 4446 eleganti
1651 4386 1769 4442 utantur.¹

987 4467 1061 4515 Furta
1070 4464 1133 4526 apud
1145 4477 1187 4513 eos
1199 4475 1304 4524 perrara.
1325 4466 1408 4525 ltaque
1422 4477 1464 4513 eos
1476 4464 1517 4525 qui
1527 4464 1552 4512 ln
1561 4464 1648 4513 metris
1657 4463 1770 4513 sondro.

988 4541 1165 4600 condiderint,
1189 4551 1335 4601 quamquam
1355 4540 1387 4589 ibi
1410 4540 1639 4602 quadringentorum
1657 4539 1762 4600 millium

988 4619 1105 4667 mdocata
1116 4614 1246 4665 multitudo
1252 4617 1329 4676 esset,
1341 4616 1432 4666 nullam
1441 4623 1522 4666 tamen
1531 4615 1594 4665 diem
1603 4614 1702 4675 vidisse,
1715 4628 1763 4675 qua

989 4694 1052 4742 ultra
1062 4694 1219 4742 ducentarum
1228 4691 1396 4741 drachmarum
1404 4691 1578 4755 pretiumturto
1586 4694 1664 4742 meent
1672 4691 1774 4752 abiata;⁴

988 4770 1061 4832 idque
1079 4768 1142 4832 apud
1158 4768 1229 4818 indos
1250 4765 1301 4816 lieri
1321 4771 1425 4832 quinon
1441 4768 1535 4832 seriptis
1551 4771 1650 4818 utantur
1663 4767 1760 4828 legibirs.

990 4847 1024 4906 (2)
1039 4846 1190 4908 Nequeenim
1201 4845 1282 4896 literas
1292 4860 1333 4896 eos
1341 4859 1426 4905 nosse,
1437 4845 1478 4896 sed
1486 4844 1624 4894 memoriter
1632 4843 1711 4892 omnia
1719 4843 1771 4891 νὼ

975 4921 1138 4982 ministrare,
1152 4923 1177 4970 et
1193 4922 1348 4974 nibilominus
1358 4922 1433 4972 restis
1449 4933 1560 4983 prospere
1570 4919 1696 4969 succedere
1705 4932 1770 4978 pros.

989 4998 1223 5060 ptersimplicitsiem
1231 5002 1256 5048 et
1265 4999 1321 5047 σθαι
1330 4999 1558 5060 ingalitatemmam
1568 4997 1647 5044 einum
1656 5008 1765 5048 euenum

990 5073 1034 5122 nisi
1046 5074 1070 5121 in
1077 5073 1196 5122 saoriiieiis
1203 5074 1292 5135 bibere,
1300 5075 1380 5122 bibere
1391 5087 1481 5123 reroex
1489 5087 1561 5134 oryza
1569 5072 1764 5127 conlectumloro

991 5149 1081 5198 bordei.
1094 5149 1181 5200 cibum
1192 5163 1288 5211 quiaque
1297 5163 1381 5211 inagna
1393 5164 1422 5198 ex
1433 5153 1499 5210 parte
1507 5161 1604 5210 oryzam
1617 5159 1668 5196 esse
1682 5147 1759 5196 sorbi-
