3834 5767
777 177 788 213 i

718 329 768 389 DE
790 327 909 390 REBUS
930 329 1110 390 rustica.
1648 344 1703 395 tol

36 480 39 493 ¹
153 467 197 522 Ex
209 463 335 520 editione
348 464 476 537 principe
490 460 596 535 pendet
610 461 761 535 Cragiana,
779 479 814 516 ex
834 462 887 516 hac
976 479 1000 516 e.
1023 461 1118 516 sodes
1131 465 1347 532 laurentianus,
1362 465 1539 537 plutbxx,
1556 465 1608 534 26,
1620 466 1710 536 in-l',

115 572 183 608 vero
192 551 594 624 Koelerianaeditio,quaprre
604 549 703 604 ceteris
713 549 888 607 ususcnco-
937 549 1091 606 membran.
1105 567 1166 606 saec.
1179 551 1240 606 XV.
1255 552 1417 606 Heraclides
1426 552 1540 622 junctus
1555 555 1675 608 AEliano.

115 653 208 712 rayus.
221 623 616 711 NequebienequeKoelems
628 634 888 708 nequeCragiusli·
968 633 1000 704 s.
1024 635 1118 690 &dea
1144 637 1317 701 Sluiscanus,
1354 663 1365 686 «
1392 657 1477 711 quem
1498 641 1657 694 Perizonius
1680 642 1712 694 in

116 727 184 780 bros
191 723 601 797 manuscriptosadhibuerunt,
611 723 664 776 nisi
674 721 752 794 quod
762 721 892 776 Koslerus
938 718 1050 775 AEliaao
1062 721 1174 776 edendo
1187 734 1338 794 occupatus
1348 733 1494 796 acceperat
1507 743 1522 778 a
1536 725 1614 779 Frid.
1625 727 1712 780 Sluis-

117 813 154 866 ad
165 814 264 884 priora
275 811 374 874 decem
386 809 540 884 fragmenta
548 811 710 864 vmietatem
720 807 846 862 lectionis
857 825 892 862 ex
936 805 1039 873 lenio,
1058 809 1141 860 curiae
1164 808 1323 862 Hollandiae
1345 808 1481 880 praeside,
1505 810 1710 882 antiquiorem,

117 899 231 952 duobtts
238 896 323 952 codd.
335 897 539 952 Leidensibusa
550 896 697 951 Perizonio
705 901 845 950 enotatam
856 895 892 950 ab
936 903 969 946 ut
976 893 1024 959 ait,
1032 894 1161 948 leidensi
1172 895 1231 948 illo.
1243 895 1428 950 collationem
1444 914 1478 949 ro
1490 914 1569 968 capp.
1582 899 1712 968 priorum

118 985 229 1057 Heynio
252 995 410 1056 acceperat.
436 983 568 1039 Camillus
587 983 721 1038 Peruscus
744 981 820 1036 unde
844 999 892 1036 sua
936 980 1039 1050 sumpsi
1055 995 1070 1032 e
1084 977 1192 1033 schedis
1206 981 1355 1034 Perizonii.
1371 1005 1383 1028 s
1400 981 1571 1038 Schneidew.

116 1072 278 1144 sumpserit,
289 1071 421 1142 ipsenon
433 1068 575 1124 indicarit.
590 1071 688 1141 ltaque
700 1067 736 1123 de
750 1055 893 1124 codicibus
976 1082 1004 1136 g.
1025 1064 1118 1119 cortex
1128 1065 1333 1132 Ambrosianus,
1353 1067 1383 1121 C.
1398 1073 1432 1136 1.,
1446 1066 1540 1134 in-80,
1553 1067 1709 1121 membran.

118 1156 274 1212 Heraclidis
299 1157 369 1210 nihil
392 1156 451 1212 lere
474 1156 618 1210 constabat
642 1155 679 1210 ad
702 1155 778 1210 bunc
804 1168 892 1226 usque
937 1169 1000 1207 saec.
1018 1152 1081 1219 XV,
1098 1162 1130 1206 ut
1149 1151 1271 1206 videtur.
1296 1154 1426 1208 Continet
1448 1153 1550 1210 AEliani
1573 1157 1638 1229 ilar.
1663 1152 1710 1221 ll.,

117 1261 237 1310 anuum,
253 1261 311 1316 quo
327 1243 555 1299 Schneidewinus
573 1243 661 1296 libros
674 1243 891 1314 manuscriptos,
936 1238 1053 1292 Luciani
1066 1237 1184 1292 disticha
1195 1239 1225 1291 in
1234 1239 1401 1306 Homerum,
1415 1258 1510 1295 versas
1519 1239 1555 1295 de
1568 1241 1713 1295 laboribus

117 1340 260 1400 quotquot
278 1347 376 1384 eorum
391 1330 422 1382 in
436 1329 673 1398 bibliothecarum
693 1328 831 1400 catalogis
847 1344 890 1382 re·
938 1322 1081 1391 Herculis,
1101 1325 1296 1393 Heraclidem,
1309 1327 1487 1381 Aristotelem
1509 1323 1574 1402 ssepi
1591 1324 1712 1402 παραδό-

118 1423 277 1482 censentur,
291 1414 474 1470 excutiendos
489 1415 606 1468 curavit.
622 1415 746 1468 Numero
761 1422 825 1468 sunt
843 1431 894 1466 un-
938 1403 989 1472 ξων
1007 1406 1189 1481 ἀκουσμάτων,
1203 1411 1266 1464 alia.

117 1499 226 1568 decim,
245 1518 317 1572 quos
330 1500 558 1556 Schneidewinus
571 1499 580 1575 l
591 1499 756 1555 Heraclides
770 1501 893 1554 Politia·
974 1514 1005 1566 p.
1019 1495 1116 1550 Codes
1126 1497 1287 1565 Vaticanus,
1296 1499 1334 1552 N·
1348 1487 1432 1568 1375,
1444 1501 1531 1566 in·l·,
1542 1500 1712 1573 chartaceus,

117 1603 177 1638 rum
193 1604 257 1658 quoe
265 1596 386 1640 astant
404 1587 562 1657 Goettingae.
583 1585 667 1656 1847,
683 1603 713 1658 p.
728 1586 795 1640 LIX
810 1583 891 1658 sqq.)
937 1599 1000 1637 saec.
1015 1583 1067 1638 XV
1081 1585 1209 1637 exeuntis
1221 1585 1267 1638 vel
1280 1603 1341 1642 saec.
1361 1586 1440 1642 xvt.
1455 1588 1531 1640 lnest
1544 1587 1670 1642 AElianus
1685 1598 1713 1640 et

118 1671 273 1726 accuratim
285 1671 439 1752 describit,
452 1690 504 1726 uos
514 1673 610 1744 paucis
624 1670 758 1728 indicasse
774 1672 891 1726 babebi—
938 1666 1108 1724 Heraclides.
1122 1692 1135 1716 ιι
1144 1668 1240 1724 Codex
1247 1670 1317 1724 mihi
1325 1671 1406 1726 valde
1413 1672 1615 1740 memorabilis,
1624 1691 1714 1744 quum

118 1775 177 1810 mus
186 1757 260 1814 satis
937 1753 1084 1808 Camillum
1097 1757 1248 1810 Peruscum
1265 1775 1300 1811 ex
1318 1758 1374 1811 boc
1392 1759 1453 1830 ipso
1467 1758 1620 1812 editionem
1635 1777 1712 1814 suam

156 1847 195 1901 A.
213 1843 308 1899 Coelen
320 1846 474 1913 Parisinus,
487 1844 890 1916 N⁰1657,in·t01.‚saec.xvl.
938 1843 1150 1915 exprimendam
1166 1847 1303 1900 curavisse
1315 1848 1472 1901 certissimis
1484 1845 1595 1902 in'diciis
1606 1849 1713 1904 evinca-

118 1931 248 1985 Continet
256 1943 359 2003 praeter
369 1933 530 2004 aliascripta
537 1933 689 1987 Historiam
697 1933 763 1987 Var.
777 1931 892 1999 AEliani,
939 1939 996 1986 tur.
1010 1930 1086 2001 Quid
1099 1931 1178 2003 quod
1191 1951 1276 1986 manu
1286 1933 1373 2005 ipsius
1383 1934 1496 1988 Perusci
1509 1935 1628 2006 scriptus
1641 1934 1712 1989 liber

120 2019 162 2070 cui
177 2017 336 2088 subjicitur:
350 2014 407 2073 Ἐκ
418 2018 478 2072 τῶν
490 2013 526 2074 Ἡ
536 2015 717 2095 ροικλείδων
729 2017 798 2090 (sic).
815 2014 893 2093 ssepi
938 2017 1061 2082 ridetur,
1084 2017 1223 2090 siquidem
1238 2028 1306 2074 teste
1325 2021 1452 2074 Brunnio
1473 2038 1506 2074 ea
1523 2037 1585 2092 quar
1604 2039 1638 2075 ex
1658 2022 1712 2075 alio

120 2103 295 2158 πολιτικῶν
310 2101 425 2172 ’elissa
434 2101 491 2159 iios
507 2103 586 2178 (sic).
600 2105 765 2178 Fragmenta
777 2105 893 2176 politia·
938 2102 1013 2157 libro
1025 2105 1153 2176 pleniore
1161 2107 1192 2159 in
1199 2106 1254 2164 hoc
1262 2116 1326 2160 sant
1335 2117 1432 2178 postea
1442 2106 1568 2179 suppleta
1577 2148 1585 2175 ,
1595 2107 1713 2162 eandem

120 2207 179 2244 rum
193 2191 232 2246 ita
243 2190 335 2246 codex
350 2191 480 2258 exbibet,
490 2202 523 2246 ut
538 2209 604 2268 pais
615 2194 671 2246 sint
685 2192 750 2247 Var.
765 2192 893 2246 Historia
938 2207 1052 2244 manum
1068 2188 1203 2262 produnt.
1221 2215 1233 2240 ι
1249 2191 1421 2248 Schneidew.

123 2278 230 2332 AEliani.
249 2279 321 2332 Nam
335 2279 432 2332 titulus
450 2279 538 2334 modo
557 2280 700 2351 appositus
714 2278 783 2332 nihil
799 2277 894 2332 dillert
979 2278 1043 2330 Post
1049 2278 1308 2346 recensitoslibros,
1321 2278 1358 2332 de
1369 2279 1478 2332 ratione
1487 2295 1587 2333 eorum
1598 2281 1713 2335 Schnei-

122 2363 152 2417 ab
173 2364 406 2436 inscriptionibus
423 2383 485 2437 quae
503 2367 618 2438 reliquis
635 2365 737 2420 AEliani
758 2363 895 2436 capitibus
938 2362 1065 2418 doninus
1081 2363 1192 2434 subjicit
1204 2364 1263 2419 haec
1278 2379 1286 2421 t
1304 2365 1470 2420 «Convenit
1491 2365 1607 2439 intelligi
1624 2365 1715 2418 libros

124 2451 217 2522 passius
235 2448 434 2524 praefiguntur5
451 2449 501 2505 lini
518 2463 610 2506 autem
625 2451 810 2523 subscriptum
822 2451 894 2522 legi-
938 2450 1056 2522 scriptos
1069 2451 1098 2503 in
1111 2467 1219 2504 summa
1236 2468 1268 2504 re
1281 2452 1355 2504 inter
1367 2469 1396 2505 se
1409 2451 1586 2524 conspirare,
1600 2459 1632 2503 ut
1647 2451 1713 2505 licet

123 2547 163 2592 tur
176 2555 185 2590 ι
200 2532 285 2600 Τίλος
301 2539 348 2604 τῆς
364 2536 487 2594 Αἰλιανοῦ
503 2537 623 2606 ποικίλης
636 2535 760 2614 ἱστορίας.
775 2538 895 2609 Singulis
938 2553 1058 2590 numero
1079 2554 1138 2590 non
1157 2536 1241 2607 pauci
1263 2535 1335 2603 ant,
1355 2554 1386 2590 re
1406 2547 1500 2590 amen
1521 2554 1576 2608 pro
1601 2535 1714 2592 duobus

122 2623 221 2694 palitiis
232 2624 307 2676 tituli
325 2641 385 2678 non
401 2624 618 2695 praemittuntur,
633 2625 686 2678 nisi
699 2621 778 2696 quod
795 2623 893 2695 prima
939 2622 1062 2677 tribusve
1073 2623 1201 2676 miniari
1214 2621 1345 2679 debeant.
1357 2623 1466 2676 Etenim
1479 2622 1559 2694 quod
1572 2623 1603 2677 in
1616 2623 1712 2695 gracia

122 2710 212 2764 timim
228 2694 263 2764 in
274 2711 359 2764 totius
372 2708 459 2766 libelli
476 2711 659 2782 inscriptione
675 2707 894 2782 comprehendi·
938 2710 1115 2781 potissimum
1136 2709 1321 2781 scriptoribus
1346 2707 1466 2776 accidit,
1490 2727 1580 2762 unum
1604 2719 1711 2762 tanturn

122 2806 174 2850 tur.
191 2795 322 2851 Ceterum
335 2795 425 2852 codex
438 2807 479 2851 est
490 2797 602 2870 optima
615 2807 689 2851 notae
707 2793 753 2870 (Ἰ.
939 2797 1082 2868 exemplar
1093 2813 1271 2850 communem
1284 2804 1406 2868 stragem
1419 2795 1557 2849 librorum
1573 2806 1711 2863 eraserat,

158 2884 193 2936 B.
208 2882 305 2938 Colca
319 2883 470 2946 leidensis,
485 2883 514 2934 in
526 2899 584 2954 quo
597 2881 758 2936 Heraclides
767 2879 895 2954 jungitur
938 2901 973 2948 ex
987 2901 1045 2955 quo
1056 2882 1179 2936 universi
1193 2881 1305 2936 codices
1321 2893 1446 2938 recentes
1460 2879 1538 2959 [non
1550 2883 1624 2937 enim
1640 2883 1713 2937 ultra

124 2969 245 3038 AEiiano,
271 2968 370 3024 Codici
386 2968 594 3036 Asimillimus3
612 2985 678 3022 raro
695 2967 730 3020 ab
748 2983 782 3020 eo
797 2966 895 3020 leviter
938 2988 999 3026 saec.
1012 2970 1080 3025 xlv
1090 2967 1177 3023 finem
1187 2968 1336 3042 rmedunt)
1350 2971 1488 3042 originem
1499 2970 1611 3023 babent.
1629 2968 1713 3023 Illum

125 3055 224 3110 diflert.
939 3056 1045 3110 librum
1072 3064 1265 3127 pervetustum
1291 3055 1374 3110 finisse
1396 3065 1424 3109 et
1448 3055 1606 3110 uncialibus
1628 3055 1715 3109 literis

163 3140 193 3197 C.
207 3141 301 3196 &deu
315 3141 483 3207 Vaticanus,
501 3139 538 3195 N⁰
549 3138 620 3214 998,
637 3139 726 3206 in-l⁰,
747 3155 808 3193 saer.
828 3137 891 3192 XV.
938 3143 1073 3214 scriptum
1097 3152 1162 3196 sunt
1181 3160 1243 3214 qua
1263 3141 1400 3196 indicium
1421 3141 1537 3210 laciant3
1560 3142 1598 3196 sic
1619 3140 1654 3196 lr.
1678 3139 1712 3209 5,

127 3226 281 3281 Heraclides
294 3227 400 3298 excipit
419 3223 567 3283 AElianum.
581 3228 665 3281 Liber
680 3227 805 3282 omnium
820 3225 894 3297 opti·
943 3247 954 3282 ι
975 3228 1090 3292 Βακοῖος
1103 3247 1138 3284 ex
1154 3225 1269 3305 Βάκχιος
1281 3239 1378 3282 nutum
1396 3240 1452 3297 est,
1467 3228 1504 3286 t‘r.
1520 3246 1554 3300 9,
1573 3247 1589 3281 a
1609 3222 1713 3284 deinces

127 3329 192 3370 mus.
207 3311 337 3382 Ejusdem
351 3311 538 3368 familiarum
552 3315 579 3367 A
592 3324 621 3367 et
632 3315 669 3368 B.
939 3333 955 3369 e
970 3311 1086 3382 Λιίιιιιν,
1107 3313 1143 3369 fr.
1166 3313 1221 3383 ab,
1240 3333 1252 3368 1
1269 3310 1370 3371 Διῶλοο
1387 3316 1433 3369 rel
1447 3311 1541 3370 Διόλου
1560 3332 1595 3368 ex
1608 3312 1713 3370 Allien.

164 3417 191 3454 a.
212 3397 306 3452 Cocles:
321 3399 470 3464 Parisinus,
490 3401 526 3454 N⁰
545 3399 629 3472 1693,
651 3398 757 3466 in-lol.,
772 3398 892 3453 membr.
939 3402 1061 3472 Fuitque
1074 3401 1147 3455 liber
1160 3401 1206 3455 vel
1219 3399 1336 3456 madore
1349 3412 1501 3474 corruptus
1512 3404 1613 3473 passim
1627 3402 1714 3455 aliare

127 3501 184 3536 sac.
210 3485 287 3540 xlv.
317 3481 416 3539 AEliani
438 3487 551 3540 Variam
576 3487 727 3540 Historiam
753 3485 895 3557 excipiunt
939 3486 1041 3559 injuria
1053 3489 1392 3556 venstatis,velatineis
1404 3487 1617 3555 arrosus3unde
1630 3485 1715 3543 fiebat

128 3569 305 3652 Λωκιανοῦκίς
312 3565 356 3624 τὸν
368 3565 491 3647 Ὅμηρον
501 3567 605 3646 diorigas
621 3571 692 3640 duo,
706 3559 795 3628 Ἆθλοι
808 3569 895 3647 Ἥρα·
939 3584 972 3628 ut
985 3573 1123 3648 fugientes
1133 3573 1235 3629 ductus
1248 3593 1309 3629 non
1323 3576 1382 3629 sine
1394 3574 1520 3628 molestia
1532 3575 1638 3644 assequi
1649 3591 1715 3646 pos·

128 3653 325 3726 dinumerans
334 3657 576 3729 quattuordecim,
588 3677 620 3713 ac
630 3658 762 3731 deinceps
772 3658 822 3714 lol.
836 3657 892 3713 56:
939 3672 1001 3716 sent
1017 3662 1065 3733 qui
1084 3660 1299 3728 describebant,
1312 3673 1342 3716 et
1353 3660 1494 3714 interdum
1509 3657 1714 3732 desperantesa

128 3738 173 3798 Ἐκ
185 3743 232 3798 τῶν
250 3739 437 3819 Ἡρακλείδους
450 3741 521 3820 (sic)
534 3741 594 3819 arpi
609 3743 756 3802 πολιτικῶν.
771 3745 896 3817 Scriptus
939 3758 1044 3803 conatu
1062 3744 1233 3802 desisterent.
1245 3748 1488 3819 Transcripserunt
1502 3757 1595 3800 autem
1611 3746 1713 3800 libmm

128 3827 267 3902 eleganter.
280 3829 535 3885 Alteriuscodicum
545 3831 654 3886 familia
663 3831 894 3904 lacileprinceps.
940 3834 1123 3905 archetypum
1138 3833 1287 3887 minimum
1302 3833 1360 3888 duo
1379 3833 1486 3886 librarii
1505 3832 1550 3885 vel
1571 3831 1714 3904 diligentia

163 3913 188 3968 b.
204 3915 298 3970 Codes
311 3916 462 3982 Parisinus,
475 3919 513 3972 N⁰
524 3917 609 3990 1694,
621 3908 725 3986 in·'lol.‚
736 3917 896 3972 chartaceus
940 3920 984 3973 rel
1004 3919 1152 3974 oculomm
1166 3919 1226 3972 acie
1239 3916 1361 3972 diversi:
1378 3935 1436 3989 quo
1449 3916 1553 3971 lactum
1573 3926 1615 3991 est
1633 3927 1663 3970 ut
1680 3935 1714 3972 ex
1759 3955 1771 3964 -

128 4018 181 4056 sne.
190 4003 263 4056 xvi.
279 4003 393 4057 lassant:
405 4001 506 4060 AEliani
519 4007 587 4060 Var.
597 4005 680 4070 Hist,
691 4000 740 4060 Ἐκ
751 4003 802 4058 τῶν
812 3999 894 4078 Ἡρα·
940 4024 997 4060 una
1010 4006 1087 4078 quasi
1101 4004 1197 4059 radice
1210 4004 1269 4059 duo
1280 4022 1338 4060 sese
1347 4004 1497 4058 extulerint
1509 4003 1623 4059 surcufi.
1632 4005 1714 4058 Nunc

130 4084 220 4142 uitta
233 4085 293 4164 arpi
306 4087 455 4155 πολιτειῶν,
471 4087 571 4145 lHliaui
584 4092 646 4145 Nat.
664 4079 758 4146 Anim‘.
777 4087 833 4163 (ct.
848 4093 894 4144 Ja·
941 4102 1033 4148 autem
1043 4108 1136 4163 neque
1144 4091 1312 4163 archetypas
1323 4090 1450 4153 illeliber
1458 4099 1591 4163 superest,
1606 4108 1713 4163 neque,

131 4173 189 4227 robs
202 4174 306 4246 praelat.
325 4174 355 4228 in
368 4175 470 4232 AElian.
484 4177 547 4232 Nat.
561 4181 615 4232 Aa.
627 4195 657 4249 p.
673 4175 709 4232 83
721 4176 742 4251 )
941 4188 974 4232 ut
988 4177 1075 4232 credo
1089 4177 1240 4250 equidem,
1255 4178 1304 4250 qui
1316 4176 1423 4230 directa
1434 4176 1479 4230 ria
1496 4193 1532 4230 ex
1546 4176 1596 4230 illo
1614 4176 1715 4231 duetus

165 4260 189 4314 b.
205 4261 299 4316 Codes
308 4263 474 4316 Basilicnsr's
486 4263 534 4338 (F.
547 4263 600 4331 vl,
614 4259 685 4339 29),
701 4261 791 4330 ιιι-80,
812 4261 895 4317 abar·
940 4266 990 4332 sit,
1004 4263 1053 4319 sed
1068 4282 1165 4320 omnes
1180 4281 1234 4336 per
1253 4264 1408 4328 traducem.
1427 4264 1495 4335 Quae
1513 4273 1606 4318 autem
1624 4264 1655 4316 in
1668 4282 1714 4318 ar-

132 4355 221 4414 tacens,
230 4357 360 4402 constans
373 4349 482 4421 paginis
491 4366 539 4416 aa,
555 4367 677 4422 quorum
690 4351 724 4404 16
739 4359 768 4404 et
776 4348 895 4405 dimidia
942 4351 1062 4423 chetypo
1080 4351 1171 4406 labem
1185 4359 1341 4419 traxerant,
1358 4350 1388 4403 in
1404 4349 1535 4404 omnibus
1546 4350 1653 4422 pariter
1666 4349 1714 4404 de-

132 4435 263 4488 continent
279 4434 468 4490 Heraclidem.
940 4448 1055 4510 provata
1068 4447 1146 4503 sunt3
1162 4436 1290 4508 quaedam
1303 4437 1409 4490 lacuna
1419 4447 1485 4491 sunt
1495 4435 1626 4491 omnibus
1636 4437 1715 4490 libris

165 4520 189 4575 d.
207 4521 299 4575 θοάεκ
317 4521 524 4588 laurentianus,
548 4523 620 4595 plut.
641 4523 709 4590 LX,
735 4541 784 4596 19,
804 4522 895 4595 iis-80,
942 4541 1120 4590 communes;
1135 4542 1201 4577 nam
1215 4523 1306 4576 ubiin
1316 4523 1409 4577 media
1424 4525 1560 4578 sententia
1573 4521 1713 4590 deficitur,

133 4605 274 4665 membran.
283 4626 345 4664 saec.
359 4609 437 4678 XIV,
448 4609 606 4667 utidicunt.
616 4607 775 4664 Heraclides
782 4609 895 4664 AEliano
942 4629 1001 4664 non
1016 4620 1108 4682 potest
1118 4619 1269 4682 excerptor
1282 4610 1432 4683 vapulare,
1443 4608 1492 4664 sed
1505 4609 1578 4663 male
1587 4609 1714 4662 habitum

131 4687 253 4766 luflffilul·
941 4699 1085 4769 exemplar
1098 4699 1129 4750 iu
1144 4711 1225 4750 causa
1240 4707 1290 4752 est.
1303 4697 1479 4769 Quamquam
1493 4695 1636 4751 interdum
1645 4695 1714 4749 mihi

941 4802 1001 4837 non
1018 4793 1139 4851 conant,
1151 4800 1298 4854 quousque
1311 4784 1394 4837 liceat
1407 4785 1436 4836 in
1449 4782 1613 4857 castigandis
1622 4782 1715 4836 verbis

135 4846 897 4977 issiq'tlflffllffiffilffwrfflqwtfflxgssffl(giffudi)
943 4888 1003 4923 non
1025 4870 1098 4924 sanis
1119 4879 1148 4924 et
1166 4870 1304 4924 lacunosis
1324 4867 1475 4943 progredi,
1490 4887 1577 4941 φιιιιιι
1599 4868 1715 4924 obtusus

136 4931 258 5043 mugil„
267 4987 342 5035 ,Μ
352 4953 460 5036 poep'pong
468 4932 590 5038 „affine
603 4934 897 5052 ,liquofioe'fflscssefflmns
942 4957 1045 5054 homo,
1060 4957 1109 5027 qui
1124 4953 1289 5055 Heraclidea
1305 4957 1411 5054 ultimis
1423 4955 1497 5054 loliis
1509 4955 1611 5009 AEliani
1630 4953 1715 5006 illusit

136 5048 263 5104 obsidione
273 5055 455 5106 selineidewini.
941 5061 1059 5116 primus,
1070 5045 1157 5098 multa
1164 5061 1222 5116 ipse
1230 5042 1446 5116 pessumdedisse
1453 5041 1589 5096 rideatur.
1599 5067 1635 5080 -·
1643 5041 1714 5093 Tum
