<?xml version="1.0" encoding="UTF-8"?>
<!DOCTYPE html PUBLIC "-//W3C//DTD XHTML 1.0 Transitional//EN"
    "http://www.w3.org/TR/xhtml1/DTD/xhtml1-transitional.dtd">
<html xmlns="http://www.w3.org/1999/xhtml" xml:lang="en" lang="en">
 <head>
  <title>
</title>
<meta http-equiv="Content-Type" content="text/html;charset=utf-8" />
  <meta name='ocr-system' content='tesseract 3.04.00' />
  <meta name='ocr-capabilities' content='ocr_page ocr_carea ocr_par ocr_line ocrx_word'/>
</head>
<body>
  <div class='ocr_page' id='page_1' title='image "./fragmentahistor01unkngoog/fragmentahistor01unkngoog_0537.png"; bbox 0 0 3834 5767; ppageno 0'>
   <div class='ocr_carea' id='block_1_1' title="bbox 156 299 1088 376">
    <p class='ocr_par' dir='ltr' id='par_1_1' title="bbox 156 299 1088 376">
     <span class='ocr_line' id='line_1_1' title="bbox 156 299 1088 376; baseline 0 -18"><span class='ocrx_word' id='word_1_1' title='bbox 156 311 212 358; x_wconf 74' lang='grc'><strong>111</strong></span> <span class='ocrx_word' id='word_1_2' title='bbox 385 365 391 376; x_wconf 58' lang='grc'><strong>,</strong></span> <span class='ocrx_word' id='word_1_3' title='bbox 807 301 960 360; x_wconf 79' lang='lat' dir='ltr'><strong>aurinis</strong></span> <span class='ocrx_word' id='word_1_4' title='bbox 981 299 1088 359; x_wconf 72' lang='lat' dir='ltr'><strong>saun</strong></span> 
     </span>
    </p>
   </div>
   <div class='ocr_carea' id='block_1_2' title="bbox 156 427 1764 3022">
    <p class='ocr_par' dir='ltr' id='par_1_2' title="bbox 156 427 1763 1892">
     <span class='ocr_line' id='line_1_2' title="bbox 156 427 1761 511; baseline 0.003 -25"><span class='ocrx_word' id='word_1_5' title='bbox 156 452 189 486; x_wconf 85' lang='lat' dir='ltr'><strong>ex</strong></span> <span class='ocrx_word' id='word_1_6' title='bbox 200 443 358 504; x_wconf 88' lang='lat' dir='ltr'><strong>temporum</strong></span> <span class='ocrx_word' id='word_1_7' title='bbox 369 431 470 486; x_wconf 78' lang='lat' dir='ltr'><strong>ordine</strong></span> <span class='ocrx_word' id='word_1_8' title='bbox 480 443 667 505; x_wconf 88' lang='lat' dir='ltr'><strong>postremum,</strong></span> <span class='ocrx_word' id='word_1_9' title='bbox 681 434 801 506; x_wconf 77' lang='lat' dir='ltr'><strong>pertinet</strong></span> <span class='ocrx_word' id='word_1_10' title='bbox 811 431 847 486; x_wconf 89' lang='lat' dir='ltr'><strong>ad</strong></span> <span class='ocrx_word' id='word_1_11' title='bbox 858 451 930 488; x_wconf 89' lang='lat' dir='ltr'><strong>mor·</strong></span> <span class='ocrx_word' id='word_1_12' title='bbox 975 433 1061 506; x_wconf 79' lang='lat' dir='ltr'><strong>vulgo</strong></span> <span class='ocrx_word' id='word_1_13' title='bbox 1067 434 1168 506; x_wconf 90' lang='lat' dir='ltr'><strong>legitur</strong></span> <span class='ocrx_word' id='word_1_14' title='bbox 1176 449 1183 488; x_wconf 91' lang='lat'>:</span> <span class='ocrx_word' id='word_1_15' title='bbox 1191 434 1282 508; x_wconf 77' lang='grc' dir='ltr'>Δοῦρις</span> <span class='ocrx_word' id='word_1_16' title='bbox 1288 432 1314 486; x_wconf 83' lang='grc' dir='ltr'><strong>ἐν</strong></span> <span class='ocrx_word' id='word_1_17' title='bbox 1326 427 1357 488; x_wconf 86' lang='grc' dir='ltr'><strong>δε</strong></span> <span class='ocrx_word' id='word_1_18' title='bbox 1365 455 1382 488; x_wconf 94' lang='grc' dir='ltr'>κ</span> <span class='ocrx_word' id='word_1_19' title='bbox 1391 431 1451 508; x_wconf 68' lang='lat' dir='ltr'><strong>deq</strong></span> <span class='ocrx_word' id='word_1_20' title='bbox 1460 428 1512 488; x_wconf 76' lang='grc' dir='ltr'><strong>τῶν</strong></span> <span class='ocrx_word' id='word_1_21' title='bbox 1522 433 1580 511; x_wconf 79' lang='grc' dir='ltr'>περὶ</span> <span class='ocrx_word' id='word_1_22' title='bbox 1590 429 1761 510; x_wconf 49' lang='grc' dir='ltr'>Ἀγαθοκλέα,</span> 
     </span>
     <span class='ocr_line' id='line_1_3' title="bbox 157 519 1760 595; baseline 0.003 -23"><span class='ocrx_word' id='word_1_23' title='bbox 157 531 212 574; x_wconf 91' lang='lat' dir='ltr'><strong>tem</strong></span> <span class='ocrx_word' id='word_1_24' title='bbox 226 519 398 594; x_wconf 81' lang='lat' dir='ltr'>Lysimachi,</span> <span class='ocrx_word' id='word_1_25' title='bbox 422 521 470 592; x_wconf 92' lang='lat' dir='ltr'><strong>qui</strong></span> <span class='ocrx_word' id='word_1_26' title='bbox 490 521 592 593; x_wconf 86' lang='lat' dir='ltr'><strong>proelio</strong></span> <span class='ocrx_word' id='word_1_27' title='bbox 611 531 708 574; x_wconf 86' lang='lat' dir='ltr'><strong>contra</strong></span> <span class='ocrx_word' id='word_1_28' title='bbox 727 521 873 575; x_wconf 85' lang='lat' dir='ltr'>Seleucum</span> <span class='ocrx_word' id='word_1_29' title='bbox 896 520 931 574; x_wconf 91' lang='lat' dir='ltr'><strong>ad</strong></span> <span class='ocrx_word' id='word_1_30' title='bbox 977 519 1007 574; x_wconf 90' lang='lat' dir='ltr'><strong>id</strong></span> <span class='ocrx_word' id='word_1_31' title='bbox 1019 521 1167 574; x_wconf 87' lang='lat' dir='ltr'><strong>rectissime</strong></span> <span class='ocrx_word' id='word_1_32' title='bbox 1177 520 1358 573; x_wconf 85' lang='lat' dir='ltr'><strong>Hullemanus</strong></span> <span class='ocrx_word' id='word_1_33' title='bbox 1374 519 1542 588; x_wconf 80' lang='lat' dir='ltr'>emendavit,</span> <span class='ocrx_word' id='word_1_34' title='bbox 1555 540 1607 594; x_wconf 91' lang='lat' dir='ltr'><strong>pro</strong></span> <span class='ocrx_word' id='word_1_35' title='bbox 1621 522 1648 577; x_wconf 80' lang='grc' dir='ltr'><strong>ἐν</strong></span> <span class='ocrx_word' id='word_1_36' title='bbox 1659 521 1760 595; x_wconf 72' lang='grc' dir='ltr'>δεκάτῃ</span> 
     </span>
     <span class='ocr_line' id='line_1_4' title="bbox 156 602 1762 680; baseline 0 -20"><span class='ocrx_word' id='word_1_37' title='bbox 156 607 347 679; x_wconf 77' lang='lat' dir='ltr'><strong>compedium</strong></span> <span class='ocrx_word' id='word_1_38' title='bbox 368 608 514 662; x_wconf 89' lang='lat' dir='ltr'><strong>commisso</strong></span> <span class='ocrx_word' id='word_1_39' title='bbox 534 606 634 661; x_wconf 88' lang='lat' dir='ltr'><strong>cecidit</strong></span> <span class='ocrx_word' id='word_1_40' title='bbox 653 607 698 663; x_wconf 92' lang='lat' dir='ltr'><strong>Ol.</strong></span> <span class='ocrx_word' id='word_1_41' title='bbox 726 613 794 675; x_wconf 75' lang='lat' dir='ltr'><strong>rai,</strong></span> <span class='ocrx_word' id='word_1_42' title='bbox 813 614 839 674; x_wconf 77' lang='grc'><strong>1..</strong></span> <span class='ocrx_word' id='word_1_43' title='bbox 863 605 929 665; x_wconf 81' lang='lat'><strong>281.</strong></span> <span class='ocrx_word' id='word_1_44' title='bbox 977 623 1116 677; x_wconf 88' lang='lat' dir='ltr'><strong>reponens</strong></span> <span class='ocrx_word' id='word_1_45' title='bbox 1128 602 1191 660; x_wconf 75' lang='grc' dir='ltr'><strong>ἐνδ</strong></span> <span class='ocrx_word' id='word_1_46' title='bbox 1204 605 1298 678; x_wconf 65' lang='lat' dir='ltr'><strong>(ebir.</strong></span> <span class='ocrx_word' id='word_1_47' title='bbox 1311 604 1577 680; x_wconf 77' lang='lat' dir='ltr'><strong>38).Numinipsis</strong></span> <span class='ocrx_word' id='word_1_48' title='bbox 1591 609 1660 663; x_wconf 89' lang='lat' dir='ltr'><strong>locis</strong></span> <span class='ocrx_word' id='word_1_49' title='bbox 1671 609 1762 662; x_wconf 90' lang='lat' dir='ltr'><strong>histo·</strong></span> 
     </span>
     <span class='ocr_line' id='line_1_5' title="bbox 158 691 1762 766; baseline 0.001 -19"><span class='ocrx_word' id='word_1_50' title='bbox 158 693 242 764; x_wconf 86' lang='lat' dir='ltr'><strong>Quod</strong></span> <span class='ocrx_word' id='word_1_51' title='bbox 252 695 385 764; x_wconf 87' lang='lat' dir='ltr'><strong>quoniam</strong></span> <span class='ocrx_word' id='word_1_52' title='bbox 404 695 527 747; x_wconf 70' lang='lat' dir='ltr'><strong>talliarum</strong></span> <span class='ocrx_word' id='word_1_53' title='bbox 541 691 603 762; x_wconf 84' lang='lat' dir='ltr'><strong>suit</strong></span> <span class='ocrx_word' id='word_1_54' title='bbox 619 705 756 746; x_wconf 77' lang='lat' dir='ltr'><strong>certamen</strong></span> <span class='ocrx_word' id='word_1_55' title='bbox 770 695 931 748; x_wconf 81' lang='lat' dir='ltr'><strong>cormm&#39;iito·</strong></span> <span class='ocrx_word' id='word_1_56' title='bbox 978 694 1026 745; x_wconf 81' lang='lat' dir='ltr'><strong>riae</strong></span> <span class='ocrx_word' id='word_1_57' title='bbox 1044 693 1188 746; x_wconf 77' lang='lat' dir='ltr'>materiam</span> <span class='ocrx_word' id='word_1_58' title='bbox 1213 693 1296 746; x_wconf 90' lang='lat' dir='ltr'><strong>Duris</strong></span> <span class='ocrx_word' id='word_1_59' title='bbox 1325 691 1487 766; x_wconf 74' lang='lat' dir='ltr'><strong>collegerit,</strong></span> <span class='ocrx_word' id='word_1_60' title='bbox 1507 712 1543 747; x_wconf 92' lang='lat' dir='ltr'><strong>an</strong></span> <span class='ocrx_word' id='word_1_61' title='bbox 1566 693 1682 749; x_wconf 81' lang='lat' dir='ltr'><strong>sortasse</strong></span> <span class='ocrx_word' id='word_1_62' title='bbox 1699 695 1762 765; x_wconf 84' lang='lat' dir='ltr'><strong>jam</strong></span> 
     </span>
     <span class='ocr_line' id='line_1_6' title="bbox 158 778 1761 853; baseline 0.002 -21"><span class='ocrx_word' id='word_1_63' title='bbox 158 800 223 835; x_wconf 80' lang='lat' dir='ltr'><strong>etum</strong></span> <span class='ocrx_word' id='word_1_64' title='bbox 239 782 395 834; x_wconf 76' lang='lat' dir='ltr'><em>Alexandri</em></span> <span class='ocrx_word' id='word_1_65' title='bbox 410 781 524 852; x_wconf 80' lang='lat' dir='ltr'><strong>(lustin.</strong></span> <span class='ocrx_word' id='word_1_66' title='bbox 545 781 647 848; x_wconf 84' lang='lat' dir='ltr'>XVII,</span> <span class='ocrx_word' id='word_1_67' title='bbox 667 801 676 834; x_wconf 89' lang='lat'>1</span> <span class='ocrx_word' id='word_1_68' title='bbox 693 781 719 853; x_wconf 72' lang='lat' dir='ltr'><strong>l,</strong></span> <span class='ocrx_word' id='word_1_69' title='bbox 739 780 823 835; x_wconf 87' lang='lat' dir='ltr'><strong>linem</strong></span> <span class='ocrx_word' id='word_1_70' title='bbox 837 799 932 835; x_wconf 88' lang='lat' dir='ltr'><strong>narra·</strong></span> <span class='ocrx_word' id='word_1_71' title='bbox 978 797 1043 834; x_wconf 89' lang='lat' dir='ltr'><strong>usus</strong></span> <span class='ocrx_word' id='word_1_72' title='bbox 1054 781 1088 833; x_wconf 88' lang='lat' dir='ltr'><strong>sit</strong></span> <span class='ocrx_word' id='word_1_73' title='bbox 1098 779 1189 835; x_wconf 76' lang='lat' dir='ltr'><strong>Calliae</strong></span> <span class='ocrx_word' id='word_1_74' title='bbox 1200 789 1227 833; x_wconf 91' lang='lat' dir='ltr'><strong>et</strong></span> <span class='ocrx_word' id='word_1_75' title='bbox 1240 778 1381 833; x_wconf 84' lang='lat' dir='ltr'><strong>Antandri</strong></span> <span class='ocrx_word' id='word_1_76' title='bbox 1394 779 1430 834; x_wconf 90' lang='lat' dir='ltr'><strong>de</strong></span> <span class='ocrx_word' id='word_1_77' title='bbox 1442 780 1595 852; x_wconf 77' lang='lat' dir='ltr'><strong>Agathocle</strong></span> <span class='ocrx_word' id='word_1_78' title='bbox 1609 800 1761 836; x_wconf 89' lang='lat' dir='ltr'><strong>commen-</strong></span> 
     </span>
     <span class='ocr_line' id='line_1_7' title="bbox 156 864 1759 940; baseline 0.001 -22"><span class='ocrx_word' id='word_1_79' title='bbox 156 868 240 921; x_wconf 88' lang='lat' dir='ltr'><strong>tionis</strong></span> <span class='ocrx_word' id='word_1_80' title='bbox 250 869 313 921; x_wconf 90' lang='lat' dir='ltr'><strong>satis</strong></span> <span class='ocrx_word' id='word_1_81' title='bbox 326 877 420 940; x_wconf 88' lang='lat' dir='ltr'><strong>aptum</strong></span> <span class='ocrx_word' id='word_1_82' title='bbox 434 868 560 940; x_wconf 84' lang='lat' dir='ltr'><strong>praebere</strong></span> <span class='ocrx_word' id='word_1_83' title='bbox 573 868 685 938; x_wconf 90' lang='lat' dir='ltr'><strong>potuit,</strong></span> <span class='ocrx_word' id='word_1_84' title='bbox 709 877 792 939; x_wconf 91' lang='lat' dir='ltr'><strong>atquc</strong></span> <span class='ocrx_word' id='word_1_85' title='bbox 807 879 933 940; x_wconf 89' lang='lat' dir='ltr'><strong>tempora</strong></span> <span class='ocrx_word' id='word_1_86' title='bbox 979 866 1068 932; x_wconf 84' lang='lat' dir='ltr'><strong>tariis,</strong></span> <span class='ocrx_word' id='word_1_87' title='bbox 1081 864 1230 935; x_wconf 88' lang='lat' dir='ltr'><strong>dijudicari</strong></span> <span class='ocrx_word' id='word_1_88' title='bbox 1240 867 1348 937; x_wconf 91' lang='lat' dir='ltr'><strong>nequit.</strong></span> <span class='ocrx_word' id='word_1_89' title='bbox 1362 866 1634 939; x_wconf 79' lang='lat' dir='ltr'><strong>Exiragmentishoc</strong></span> <span class='ocrx_word' id='word_1_90' title='bbox 1646 879 1759 922; x_wconf 86' lang='lat' dir='ltr'><strong>tantum</strong></span> 
     </span>
     <span class='ocr_line' id='line_1_8' title="bbox 156 944 1760 1026; baseline 0.001 -22"><span class='ocrx_word' id='word_1_91' title='bbox 156 955 299 1026; x_wconf 83' lang='lat' dir='ltr'><strong>scriptoris</strong></span> <span class='ocrx_word' id='word_1_92' title='bbox 308 953 445 1025; x_wconf 86' lang='lat' dir='ltr'><strong>impedire</strong></span> <span class='ocrx_word' id='word_1_93' title='bbox 459 953 599 1020; x_wconf 84' lang='lat' dir='ltr'><strong>videntur,</strong></span> <span class='ocrx_word' id='word_1_94' title='bbox 614 955 765 1026; x_wconf 83' lang='lat' dir='ltr'>quominus</span> <span class='ocrx_word' id='word_1_95' title='bbox 775 971 838 1008; x_wconf 91' lang='lat' dir='ltr'><strong>eum</strong></span> <span class='ocrx_word' id='word_1_96' title='bbox 849 953 933 1026; x_wconf 87' lang='lat' dir='ltr'><strong>longe</strong></span> <span class='ocrx_word' id='word_1_97' title='bbox 980 952 1097 1025; x_wconf 88' lang='lat' dir='ltr'><strong>colligis,</strong></span> <span class='ocrx_word' id='word_1_98' title='bbox 1104 953 1199 1006; x_wconf 89' lang='lat' dir='ltr'><strong>multis</strong></span> <span class='ocrx_word' id='word_1_99' title='bbox 1208 969 1280 1024; x_wconf 88' lang='lat' dir='ltr'><strong>opus</strong></span> <span class='ocrx_word' id='word_1_100' title='bbox 1290 950 1326 1006; x_wconf 91' lang='lat' dir='ltr'><strong>dc</strong></span> <span class='ocrx_word' id='word_1_101' title='bbox 1336 963 1447 1020; x_wconf 87' lang='lat' dir='ltr'><strong>natura,</strong></span> <span class='ocrx_word' id='word_1_102' title='bbox 1460 952 1569 1023; x_wconf 81' lang='lat' dir='ltr'><strong>fabulis,</strong></span> <span class='ocrx_word' id='word_1_103' title='bbox 1576 944 1707 1010; x_wconf 86' lang='lat' dir='ltr'><strong>mirandis</strong></span> <span class='ocrx_word' id='word_1_104' title='bbox 1715 955 1760 1008; x_wconf 87' lang='lat' dir='ltr'><strong>Si-</strong></span> 
     </span>
     <span class='ocr_line' id='line_1_9' title="bbox 156 1036 1762 1112; baseline 0.001 -19"><span class='ocrx_word' id='word_1_105' title='bbox 156 1041 228 1094; x_wconf 88' lang='lat' dir='ltr'><strong>ultra</strong></span> <span class='ocrx_word' id='word_1_106' title='bbox 236 1041 311 1093; x_wconf 91' lang='lat' dir='ltr'><strong>hunc</strong></span> <span class='ocrx_word' id='word_1_107' title='bbox 323 1041 473 1095; x_wconf 90' lang='lat' dir='ltr'><strong>terminum</strong></span> <span class='ocrx_word' id='word_1_108' title='bbox 483 1058 660 1112; x_wconf 87' lang='lat' dir='ltr'><strong>progressum</strong></span> <span class='ocrx_word' id='word_1_109' title='bbox 672 1059 727 1094; x_wconf 88' lang='lat' dir='ltr'><strong>esse</strong></span> <span class='ocrx_word' id='word_1_110' title='bbox 738 1041 932 1097; x_wconf 82' lang='lat' dir='ltr'><strong>existimemus.</strong></span> <span class='ocrx_word' id='word_1_111' title='bbox 981 1036 1065 1109; x_wconf 83' lang='lat' dir='ltr'><strong>ciliae,</strong></span> <span class='ocrx_word' id='word_1_112' title='bbox 1081 1038 1182 1105; x_wconf 87' lang='lat' dir='ltr'><strong>ltaliae,</strong></span> <span class='ocrx_word' id='word_1_113' title='bbox 1207 1037 1300 1109; x_wconf 78' lang='lat' dir='ltr'><strong>Libyae</strong></span> <span class='ocrx_word' id='word_1_114' title='bbox 1324 1037 1416 1111; x_wconf 81' lang='lat' dir='ltr'><strong>(unde</strong></span> <span class='ocrx_word' id='word_1_115' title='bbox 1437 1039 1540 1109; x_wconf 76' lang='lat' dir='ltr'><strong>Libyca</strong></span> <span class='ocrx_word' id='word_1_116' title='bbox 1553 1040 1656 1094; x_wconf 85' lang='lat' dir='ltr'><strong>Doridi</strong></span> <span class='ocrx_word' id='word_1_117' title='bbox 1674 1039 1762 1094; x_wconf 83' lang='lat' dir='ltr'><strong>affin-</strong></span> 
     </span>
     <span class='ocr_line' id='line_1_10' title="bbox 156 1122 1698 1200; baseline -0.002 -18"><span class='ocrx_word' id='word_1_118' title='bbox 156 1127 350 1182; x_wconf 88' lang='lat' dir='ltr'><strong>Narrationem</strong></span> <span class='ocrx_word' id='word_1_119' title='bbox 374 1128 458 1200; x_wconf 84' lang='lat' dir='ltr'><strong>igitur</strong></span> <span class='ocrx_word' id='word_1_120' title='bbox 483 1125 632 1180; x_wconf 89' lang='lat' dir='ltr'><strong>deduxerit</strong></span> <span class='ocrx_word' id='word_1_121' title='bbox 653 1125 794 1198; x_wconf 90' lang='lat' dir='ltr'><strong>usquead</strong></span> <span class='ocrx_word' id='word_1_122' title='bbox 816 1138 934 1180; x_wconf 90' lang='lat' dir='ltr'><strong>mortem</strong></span> <span class='ocrx_word' id='word_1_123' title='bbox 981 1123 1130 1194; x_wconf 79' lang='lat' dir='ltr'><strong>guntarit.</strong></span> <span class='ocrx_word' id='word_1_124' title='bbox 1145 1122 1191 1195; x_wconf 86' lang='lat'><strong>35)</strong></span> <span class='ocrx_word' id='word_1_125' title='bbox 1205 1123 1458 1178; x_wconf 84' lang='lat' dir='ltr'><strong>distinctumfuisse</strong></span> <span class='ocrx_word' id='word_1_126' title='bbox 1470 1125 1698 1198; x_wconf 68' lang='lat' dir='ltr'><strong>digressionibus.</strong></span> 
     </span>
     <span class='ocr_line' id='line_1_11' title="bbox 158 1197 1763 1285; baseline 0.001 -19"><span class='ocrx_word' id='word_1_127' title='bbox 158 1209 282 1284; x_wconf 81' lang='lat' dir='ltr'><strong>Seleuci,</strong></span> <span class='ocrx_word' id='word_1_128' title='bbox 306 1214 354 1284; x_wconf 89' lang='lat' dir='ltr'><strong>qui</strong></span> <span class='ocrx_word' id='word_1_129' title='bbox 375 1215 470 1283; x_wconf 80' lang='lat' dir='ltr'><strong>paucis</strong></span> <span class='ocrx_word' id='word_1_130' title='bbox 492 1224 555 1284; x_wconf 87' lang='lat' dir='ltr'><strong>post</strong></span> <span class='ocrx_word' id='word_1_131' title='bbox 579 1213 772 1284; x_wconf 74' lang='lat' dir='ltr'><strong>Lysimachum</strong></span> <span class='ocrx_word' id='word_1_132' title='bbox 795 1212 934 1268; x_wconf 90' lang='lat' dir='ltr'><strong>mensibus</strong></span> <span class='ocrx_word' id='word_1_133' title='bbox 1020 1197 1269 1285; x_wconf 66' lang='lat' dir='ltr'><strong>Sequunt11r²ttpot</strong></span> <span class='ocrx_word' id='word_1_134' title='bbox 1283 1207 1400 1283; x_wconf 80' lang='grc' dir='ltr'>Σαμίων,</span> <span class='ocrx_word' id='word_1_135' title='bbox 1414 1212 1763 1282; x_wconf 86' lang='lat' dir='ltr'><strong>quommlaudaturliber</strong></span> 
     </span>
     <span class='ocr_line' id='line_1_12' title="bbox 159 1294 1757 1376; baseline 0.001 -24"><span class='ocrx_word' id='word_1_136' title='bbox 159 1301 233 1376; x_wconf 80' lang='lat' dir='ltr'><strong>diem</strong></span> <span class='ocrx_word' id='word_1_137' title='bbox 247 1301 325 1356; x_wconf 86' lang='lat' dir='ltr'><strong>obiit.</strong></span> <span class='ocrx_word' id='word_1_138' title='bbox 338 1332 375 1342; x_wconf 93' lang='lat'>—</span> <span class='ocrx_word' id='word_1_139' title='bbox 387 1301 509 1354; x_wconf 86' lang='lat' dir='ltr'><strong>&#39;situlum</strong></span> <span class='ocrx_word' id='word_1_140' title='bbox 523 1301 615 1372; x_wconf 85' lang='lat' dir='ltr'><strong>operis</strong></span> <span class='ocrx_word' id='word_1_141' title='bbox 626 1311 738 1372; x_wconf 90' lang='lat' dir='ltr'><strong>ponunt</strong></span> <span class='ocrx_word' id='word_1_142' title='bbox 752 1299 840 1354; x_wconf 91' lang='lat' dir='ltr'><strong>modo</strong></span> <span class='ocrx_word' id='word_1_143' title='bbox 851 1295 935 1354; x_wconf 87' lang='grc' dir='ltr'>Ἱστο-</span> <span class='ocrx_word' id='word_1_144' title='bbox 982 1294 1166 1350; x_wconf 88' lang='lat' dir='ltr'><strong>duodecimus</strong></span> <span class='ocrx_word' id='word_1_145' title='bbox 1179 1297 1223 1350; x_wconf 89' lang='lat' dir='ltr'><strong>vel</strong></span> <span class='ocrx_word' id='word_1_146' title='bbox 1244 1297 1337 1368; x_wconf 88' lang='lat' dir='ltr'><strong>potius</strong></span> <span class='ocrx_word' id='word_1_147' title='bbox 1348 1315 1382 1351; x_wconf 83' lang='lat' dir='ltr'><strong>cx</strong></span> <span class='ocrx_word' id='word_1_148' title='bbox 1398 1298 1558 1352; x_wconf 88' lang='lat' dir='ltr'><strong>Hullemani</strong></span> <span class='ocrx_word' id='word_1_149' title='bbox 1577 1303 1757 1354; x_wconf 86' lang='lat' dir='ltr'><strong>correctione</strong></span> 
     </span>
     <span class='ocr_line' id='line_1_13' title="bbox 159 1380 1761 1461; baseline 0.001 -21"><span class='ocrx_word' id='word_1_150' title='bbox 159 1382 211 1461; x_wconf 83' lang='grc' dir='ltr'>ρ1αι</span> <span class='ocrx_word' id='word_1_151' title='bbox 228 1385 312 1459; x_wconf 83' lang='grc'><strong>(11.1.</strong></span> <span class='ocrx_word' id='word_1_152' title='bbox 331 1405 358 1440; x_wconf 84' lang='lat' dir='ltr'><strong>a.</strong></span> <span class='ocrx_word' id='word_1_153' title='bbox 379 1386 422 1442; x_wconf 84' lang='grc'><strong>13.</strong></span> <span class='ocrx_word' id='word_1_154' title='bbox 441 1405 487 1455; x_wconf 70' lang='grc' dir='ltr'><strong>ογ,</strong></span> <span class='ocrx_word' id='word_1_155' title='bbox 503 1394 550 1440; x_wconf 74' lang='lat' dir='ltr'><strong>att.</strong></span> <span class='ocrx_word' id='word_1_156' title='bbox 568 1384 615 1441; x_wconf 85' lang='lat'><strong>30.</strong></span> <span class='ocrx_word' id='word_1_157' title='bbox 630 1385 674 1439; x_wconf 85' lang='lat'><strong>31.</strong></span> <span class='ocrx_word' id='word_1_158' title='bbox 688 1387 759 1458; x_wconf 75' lang='lat' dir='ltr'><strong>Ta),</strong></span> <span class='ocrx_word' id='word_1_159' title='bbox 775 1386 862 1440; x_wconf 91' lang='lat' dir='ltr'><strong>modo</strong></span> <span class='ocrx_word' id='word_1_160' title='bbox 876 1385 935 1442; x_wconf 80' lang='lat' dir='ltr'><strong>lila-</strong></span> <span class='ocrx_word' id='word_1_161' title='bbox 983 1383 1055 1436; x_wconf 87' lang='lat' dir='ltr'><strong>liber</strong></span> <span class='ocrx_word' id='word_1_162' title='bbox 1067 1380 1257 1457; x_wconf 86' lang='lat' dir='ltr'><strong>secundus(v.</strong></span> <span class='ocrx_word' id='word_1_163' title='bbox 1279 1383 1312 1436; x_wconf 87' lang='lat' dir='ltr'><strong>t&#39;r.</strong></span> <span class='ocrx_word' id='word_1_164' title='bbox 1328 1382 1439 1459; x_wconf 84' lang='lat' dir='ltr'><strong>50).1n</strong></span> <span class='ocrx_word' id='word_1_165' title='bbox 1459 1385 1516 1439; x_wconf 91' lang='lat' dir='ltr'><strong>hoc</strong></span> <span class='ocrx_word' id='word_1_166' title='bbox 1536 1404 1652 1458; x_wconf 86' lang='lat' dir='ltr'><strong>quoque</strong></span> <span class='ocrx_word' id='word_1_167' title='bbox 1670 1405 1761 1459; x_wconf 89' lang='lat' dir='ltr'><strong>opere</strong></span> 
     </span>
     <span class='ocr_line' id='line_1_14' title="bbox 157 1469 1762 1546; baseline -0.001 -18"><span class='ocrx_word' id='word_1_168' title='bbox 157 1469 274 1528; x_wconf 85' lang='grc' dir='ltr'>κεδονικά</span> <span class='ocrx_word' id='word_1_169' title='bbox 288 1471 339 1546; x_wconf 85' lang='lat' dir='ltr'><strong>(fr.</strong></span> <span class='ocrx_word' id='word_1_170' title='bbox 356 1471 382 1528; x_wconf 88' lang='grc'><strong>8,</strong></span> <span class='ocrx_word' id='word_1_171' title='bbox 399 1491 443 1526; x_wconf 78' lang='lat' dir='ltr'><strong>aa.</strong></span> <span class='ocrx_word' id='word_1_172' title='bbox 462 1471 506 1526; x_wconf 82' lang='grc'><strong>16.</strong></span> <span class='ocrx_word' id='word_1_173' title='bbox 521 1473 558 1526; x_wconf 80' lang='lat' dir='ltr'><strong>a‘i</strong></span> <span class='ocrx_word' id='word_1_174' title='bbox 573 1471 655 1540; x_wconf 71' lang='lat' dir='ltr'><strong>etati,</strong></span> <span class='ocrx_word' id='word_1_175' title='bbox 668 1473 715 1526; x_wconf 91' lang='lat' dir='ltr'><strong>ubi</strong></span> <span class='ocrx_word' id='word_1_176' title='bbox 728 1483 859 1544; x_wconf 86' lang='lat' dir='ltr'><strong>corrupte</strong></span> <span class='ocrx_word' id='word_1_177' title='bbox 879 1475 937 1528; x_wconf 78' lang='lat' dir='ltr'><strong>Aa·</strong></span> <span class='ocrx_word' id='word_1_178' title='bbox 983 1487 1042 1522; x_wconf 91' lang='lat' dir='ltr'><strong>non</strong></span> <span class='ocrx_word' id='word_1_179' title='bbox 1060 1470 1199 1541; x_wconf 80' lang='lat' dir='ltr'><strong>acquievit</strong></span> <span class='ocrx_word' id='word_1_180' title='bbox 1222 1471 1305 1526; x_wconf 89' lang='lat' dir='ltr'><strong>Duris</strong></span> <span class='ocrx_word' id='word_1_181' title='bbox 1325 1473 1482 1544; x_wconf 89' lang='lat' dir='ltr'><strong>argumenti</strong></span> <span class='ocrx_word' id='word_1_182' title='bbox 1504 1475 1653 1541; x_wconf 81' lang='lat' dir='ltr'><strong>varietate,</strong></span> <span class='ocrx_word' id='word_1_183' title='bbox 1674 1492 1762 1544; x_wconf 84' lang='lat' dir='ltr'><strong>quarn</strong></span> 
     </span>
     <span class='ocr_line' id='line_1_15' title="bbox 158 1554 1760 1634; baseline -0.001 -20"><span class='ocrx_word' id='word_1_184' title='bbox 158 1556 325 1632; x_wconf 82' lang='grc' dir='ltr'>κιδαιριονικά</span> <span class='ocrx_word' id='word_1_185' title='bbox 335 1559 354 1632; x_wconf 67' lang='lat' dir='ltr'><strong>l,</strong></span> <span class='ocrx_word' id='word_1_186' title='bbox 375 1559 462 1612; x_wconf 84' lang='lat' dir='ltr'><strong>ruodo</strong></span> <span class='ocrx_word' id='word_1_187' title='bbox 481 1554 625 1627; x_wconf 76' lang='grc' dir='ltr'>Ἑλληνικά</span> <span class='ocrx_word' id='word_1_188' title='bbox 645 1559 783 1634; x_wconf 74' lang='lat' dir='ltr'><strong>[Diodor.</strong></span> <span class='ocrx_word' id='word_1_189' title='bbox 798 1557 817 1613; x_wconf 94' lang='lat' dir='ltr'><strong>l.</strong></span> <span class='ocrx_word' id='word_1_190' title='bbox 840 1560 859 1614; x_wconf 91' lang='lat' dir='ltr'><strong>l.</strong></span> <span class='ocrx_word' id='word_1_191' title='bbox 879 1559 936 1614; x_wconf 79' lang='lat' dir='ltr'><strong>rid.</strong></span> <span class='ocrx_word' id='word_1_192' title='bbox 983 1557 1041 1628; x_wconf 87' lang='lat' dir='ltr'><strong>ipsa</strong></span> <span class='ocrx_word' id='word_1_193' title='bbox 1052 1557 1140 1610; x_wconf 85' lang='lat' dir='ltr'><strong>insula</strong></span> <span class='ocrx_word' id='word_1_194' title='bbox 1149 1558 1223 1610; x_wconf 84' lang='lat' dir='ltr'><strong>civili</strong></span> <span class='ocrx_word' id='word_1_195' title='bbox 1235 1556 1364 1628; x_wconf 89' lang='lat' dir='ltr'><strong>historia,</strong></span> <span class='ocrx_word' id='word_1_196' title='bbox 1373 1555 1492 1611; x_wconf 90' lang='lat' dir='ltr'><strong>deorum</strong></span> <span class='ocrx_word' id='word_1_197' title='bbox 1503 1559 1591 1626; x_wconf 90' lang='lat' dir='ltr'><strong>cultu,</strong></span> <span class='ocrx_word' id='word_1_198' title='bbox 1603 1560 1702 1631; x_wconf 88' lang='lat' dir='ltr'><strong>literis,</strong></span> <span class='ocrx_word' id='word_1_199' title='bbox 1714 1579 1760 1613; x_wconf 88' lang='lat' dir='ltr'><strong>ar·</strong></span> 
     </span>
     <span class='ocr_line' id='line_1_16' title="bbox 158 1643 1763 1720; baseline -0.001 -20"><span class='ocrx_word' id='word_1_200' title='bbox 158 1646 252 1720; x_wconf 76' lang='lat' dir='ltr'><strong>not).</strong></span> <span class='ocrx_word' id='word_1_201' title='bbox 277 1649 349 1715; x_wconf 89' lang='lat' dir='ltr'><strong>Quas</strong></span> <span class='ocrx_word' id='word_1_202' title='bbox 367 1647 513 1700; x_wconf 80' lang='lat' dir='ltr'><strong>titulorum</strong></span> <span class='ocrx_word' id='word_1_203' title='bbox 528 1647 630 1700; x_wconf 82' lang='lat' dir='ltr'><strong>formas</strong></span> <span class='ocrx_word' id='word_1_204' title='bbox 651 1645 719 1699; x_wconf 90' lang='lat' dir='ltr'><strong>nihil</strong></span> <span class='ocrx_word' id='word_1_205' title='bbox 747 1647 820 1699; x_wconf 89' lang='lat' dir='ltr'><strong>inter</strong></span> <span class='ocrx_word' id='word_1_206' title='bbox 839 1664 867 1700; x_wconf 92' lang='lat' dir='ltr'><strong>se</strong></span> <span class='ocrx_word' id='word_1_207' title='bbox 884 1665 937 1718; x_wconf 91' lang='lat' dir='ltr'><strong>pu·</strong></span> <span class='ocrx_word' id='word_1_208' title='bbox 983 1643 1057 1696; x_wconf 91' lang='lat' dir='ltr'><strong>tibus</strong></span> <span class='ocrx_word' id='word_1_209' title='bbox 1068 1643 1215 1698; x_wconf 86' lang='lat' dir='ltr'><strong>clarissima</strong></span> <span class='ocrx_word' id='word_1_210' title='bbox 1224 1643 1386 1716; x_wconf 78' lang='lat' dir='ltr'><strong>praebebat,</strong></span> <span class='ocrx_word' id='word_1_211' title='bbox 1407 1643 1631 1717; x_wconf 79' lang='lat' dir='ltr'><strong>sedlatiussaepe</strong></span> <span class='ocrx_word' id='word_1_212' title='bbox 1642 1646 1679 1700; x_wconf 91' lang='lat' dir='ltr'><strong>ad</strong></span> <span class='ocrx_word' id='word_1_213' title='bbox 1693 1647 1763 1699; x_wconf 81' lang='lat' dir='ltr'><strong>alie·</strong></span> 
     </span>
     <span class='ocr_line' id='line_1_17' title="bbox 158 1728 1763 1806; baseline 0.001 -20"><span class='ocrx_word' id='word_1_214' title='bbox 158 1752 244 1806; x_wconf 89' lang='lat' dir='ltr'><strong>gnare</strong></span> <span class='ocrx_word' id='word_1_215' title='bbox 263 1751 347 1786; x_wconf 90' lang='lat' dir='ltr'><strong>nemo</strong></span> <span class='ocrx_word' id='word_1_216' title='bbox 362 1751 419 1786; x_wconf 91' lang='lat' dir='ltr'><strong>non</strong></span> <span class='ocrx_word' id='word_1_217' title='bbox 437 1733 513 1786; x_wconf 85' lang='lat' dir='ltr'><strong>videt</strong></span> <span class='ocrx_word' id='word_1_218' title='bbox 533 1751 657 1805; x_wconf 87' lang='lat' dir='ltr'><strong>quaenam</strong></span> <span class='ocrx_word' id='word_1_219' title='bbox 678 1743 743 1786; x_wconf 89' lang='lat' dir='ltr'><strong>tunc</strong></span> <span class='ocrx_word' id='word_1_220' title='bbox 764 1731 847 1786; x_wconf 88' lang='lat' dir='ltr'><strong>suerit</strong></span> <span class='ocrx_word' id='word_1_221' title='bbox 866 1734 937 1786; x_wconf 87' lang='lat' dir='ltr'><strong>ratio</strong></span> <span class='ocrx_word' id='word_1_222' title='bbox 984 1728 1064 1780; x_wconf 80' lang='lat' dir='ltr'><strong>niara</strong></span> <span class='ocrx_word' id='word_1_223' title='bbox 1078 1730 1246 1800; x_wconf 81' lang='lat' dir='ltr'><strong>exspatiatus</strong></span> <span class='ocrx_word' id='word_1_224' title='bbox 1257 1737 1305 1786; x_wconf 88' lang='lat' dir='ltr'><strong>est.</strong></span> <span class='ocrx_word' id='word_1_225' title='bbox 1316 1730 1456 1801; x_wconf 83' lang='lat' dir='ltr'><strong>Tempora</strong></span> <span class='ocrx_word' id='word_1_226' title='bbox 1468 1747 1564 1784; x_wconf 91' lang='lat' dir='ltr'><strong>rerum</strong></span> <span class='ocrx_word' id='word_1_227' title='bbox 1578 1731 1763 1788; x_wconf 80' lang='lat' dir='ltr'><strong>adornaverit</strong></span> 
     </span>
     <span class='ocr_line' id='line_1_18' title="bbox 159 1812 1645 1892; baseline 0.001 -20"><span class='ocrx_word' id='word_1_228' title='bbox 159 1819 279 1872; x_wconf 88' lang='lat' dir='ltr'><strong>historiae</strong></span> <span class='ocrx_word' id='word_1_229' title='bbox 303 1821 404 1874; x_wconf 79' lang='lat' dir='ltr'><strong>Graecae</strong></span> <span class='ocrx_word' id='word_1_230' title='bbox 420 1838 513 1874; x_wconf 89' lang='lat' dir='ltr'><strong>secum</strong></span> <span class='ocrx_word' id='word_1_231' title='bbox 532 1830 671 1892; x_wconf 82' lang='lat' dir='ltr'><strong>reputans.</strong></span> <span class='ocrx_word' id='word_1_232' title='bbox 689 1819 795 1889; x_wconf 84' lang='lat' dir='ltr'><strong>Quodsi</strong></span> <span class='ocrx_word' id='word_1_233' title='bbox 814 1820 939 1874; x_wconf 84' lang='lat' dir='ltr'><strong>Eudocia</strong></span> <span class='ocrx_word' id='word_1_234' title='bbox 987 1812 1141 1867; x_wconf 70' lang='lat' dir='ltr'><strong>secundum</strong></span> <span class='ocrx_word' id='word_1_235' title='bbox 1155 1817 1313 1888; x_wconf 74' lang='lat' dir='ltr'><strong>catalogum</strong></span> <span class='ocrx_word' id='word_1_236' title='bbox 1324 1815 1645 1873; x_wconf 73' lang='lat' dir='ltr'><strong>sacerdotumlunonis.</strong></span> 
     </span>
    </p>

    <p class='ocr_par' dir='ltr' id='par_1_3' title="bbox 158 1901 1764 3022">
     <span class='ocr_line' id='line_1_19' title="bbox 159 1901 1762 1982; baseline 0.001 -24"><span class='ocrx_word' id='word_1_237' title='bbox 159 1923 189 1977; x_wconf 93' lang='lat' dir='ltr'><strong>p.</strong></span> <span class='ocrx_word' id='word_1_238' title='bbox 207 1915 264 1978; x_wconf 83' lang='lat'>&#39;229</span> <span class='ocrx_word' id='word_1_239' title='bbox 283 1924 310 1963; x_wconf 86' lang='grc' dir='ltr'><strong>ν.</strong></span> <span class='ocrx_word' id='word_1_240' title='bbox 327 1905 411 1979; x_wconf 83' lang='grc' dir='ltr'>Δῶρις</span> <span class='ocrx_word' id='word_1_241' title='bbox 421 1906 522 1960; x_wconf 89' lang='lat' dir='ltr'><strong>Duridi</strong></span> <span class='ocrx_word' id='word_1_242' title='bbox 540 1916 635 1960; x_wconf 91' lang='lat' dir='ltr'><strong>nostro</strong></span> <span class='ocrx_word' id='word_1_243' title='bbox 657 1901 786 1979; x_wconf 81' lang='grc' dir='ltr'>Ἱστορίαν</span> <span class='ocrx_word' id='word_1_244' title='bbox 803 1901 936 1982; x_wconf 75' lang='grc' dir='ltr'>Περσικὴν</span> <span class='ocrx_word' id='word_1_245' title='bbox 1023 1903 1075 1971; x_wconf 85' lang='lat' dir='ltr'><strong>Qui</strong></span> <span class='ocrx_word' id='word_1_246' title='bbox 1084 1913 1186 1974; x_wconf 80' lang='lat' dir='ltr'><strong>praeter</strong></span> <span class='ocrx_word' id='word_1_247' title='bbox 1195 1902 1399 1957; x_wconf 89' lang='lat' dir='ltr'><strong>allatosDuridi</strong></span> <span class='ocrx_word' id='word_1_248' title='bbox 1409 1904 1762 1976; x_wconf 87' lang='lat' dir='ltr'><strong>libritribuuntur,eorum</strong></span> 
     </span>
     <span class='ocr_line' id='line_1_20' title="bbox 161 1991 1764 2068; baseline 0.004 -24"><span class='ocrx_word' id='word_1_249' title='bbox 161 1991 259 2046; x_wconf 86' lang='lat' dir='ltr'><strong>tribuit</strong></span> <span class='ocrx_word' id='word_1_250' title='bbox 268 1994 410 2064; x_wconf 85' lang='lat' dir='ltr'><strong>,spectari</strong></span> <span class='ocrx_word' id='word_1_251' title='bbox 424 1993 536 2046; x_wconf 86' lang='lat' dir='ltr'><strong>videtur</strong></span> <span class='ocrx_word' id='word_1_252' title='bbox 554 2011 586 2048; x_wconf 87' lang='lat' dir='ltr'><strong>ea</strong></span> <span class='ocrx_word' id='word_1_253' title='bbox 597 1993 776 2046; x_wconf 84' lang='lat' dir='ltr'><strong>historiarum</strong></span> <span class='ocrx_word' id='word_1_254' title='bbox 790 2011 870 2066; x_wconf 83' lang='lat' dir='ltr'><strong>pars,</strong></span> <span class='ocrx_word' id='word_1_255' title='bbox 889 1993 938 2047; x_wconf 90' lang='lat' dir='ltr'><strong>uhi</strong></span> <span class='ocrx_word' id='word_1_256' title='bbox 986 1998 1044 2044; x_wconf 90' lang='lat' dir='ltr'><strong>tam</strong></span> <span class='ocrx_word' id='word_1_257' title='bbox 1056 2001 1153 2045; x_wconf 89' lang='lat' dir='ltr'><strong>tenues</strong></span> <span class='ocrx_word' id='word_1_258' title='bbox 1165 1993 1290 2063; x_wconf 84' lang='lat' dir='ltr'><strong>reliquiae</strong></span> <span class='ocrx_word' id='word_1_259' title='bbox 1301 2002 1382 2059; x_wconf 90' lang='lat' dir='ltr'><strong>sunt,</strong></span> <span class='ocrx_word' id='word_1_260' title='bbox 1394 2004 1427 2046; x_wconf 90' lang='lat' dir='ltr'><strong>ut</strong></span> <span class='ocrx_word' id='word_1_261' title='bbox 1437 2011 1522 2047; x_wconf 87' lang='lat' dir='ltr'><strong>ornnc</strong></span> <span class='ocrx_word' id='word_1_262' title='bbox 1531 1993 1671 2064; x_wconf 88' lang='lat' dir='ltr'><strong>judicium</strong></span> <span class='ocrx_word' id='word_1_263' title='bbox 1686 2015 1764 2068; x_wconf 85' lang='lat' dir='ltr'><strong>prae-</strong></span> 
     </span>
     <span class='ocr_line' id='line_1_21' title="bbox 162 2076 1764 2151; baseline 0.003 -20"><span class='ocrx_word' id='word_1_264' title='bbox 162 2078 197 2132; x_wconf 93' lang='lat' dir='ltr'><strong>de</strong></span> <span class='ocrx_word' id='word_1_265' title='bbox 213 2077 367 2134; x_wconf 80' lang='lat' dir='ltr'><strong>Alexandri</strong></span> <span class='ocrx_word' id='word_1_266' title='bbox 382 2079 607 2151; x_wconf 82' lang='lat' dir='ltr'><strong>expeditionibus</strong></span> <span class='ocrx_word' id='word_1_267' title='bbox 621 2097 712 2133; x_wconf 90' lang='lat' dir='ltr'><strong>sermo</strong></span> <span class='ocrx_word' id='word_1_268' title='bbox 733 2079 792 2134; x_wconf 85' lang='lat' dir='ltr'><strong>luit.</strong></span> <span class='ocrx_word' id='word_1_269' title='bbox 806 2083 849 2134; x_wconf 92' lang='lat' dir='ltr'><strong>De</strong></span> <span class='ocrx_word' id='word_1_270' title='bbox 863 2099 937 2134; x_wconf 92' lang='lat' dir='ltr'><strong>oeco-</strong></span> <span class='ocrx_word' id='word_1_271' title='bbox 985 2076 1109 2131; x_wconf 90' lang='lat' dir='ltr'><strong>eludant.</strong></span> <span class='ocrx_word' id='word_1_272' title='bbox 1121 2078 1206 2132; x_wconf 89' lang='lat' dir='ltr'><strong>Tituli</strong></span> <span class='ocrx_word' id='word_1_273' title='bbox 1218 2077 1363 2132; x_wconf 78' lang='lat' dir='ltr'><strong>manifesto</strong></span> <span class='ocrx_word' id='word_1_274' title='bbox 1374 2078 1503 2149; x_wconf 88' lang='lat' dir='ltr'><strong>produnt</strong></span> <span class='ocrx_word' id='word_1_275' title='bbox 1512 2080 1658 2135; x_wconf 87' lang='lat' dir='ltr'><strong>alumnum</strong></span> <span class='ocrx_word' id='word_1_276' title='bbox 1669 2083 1764 2136; x_wconf 91' lang='lat' dir='ltr'><strong>Theo·</strong></span> 
     </span>
     <span class='ocr_line' id='line_1_22' title="bbox 161 2163 1763 2238; baseline 0.003 -21"><span class='ocrx_word' id='word_1_277' title='bbox 161 2165 256 2218; x_wconf 90' lang='lat' dir='ltr'><strong>nomia</strong></span> <span class='ocrx_word' id='word_1_278' title='bbox 274 2166 366 2236; x_wconf 89' lang='lat' dir='ltr'><strong>operis</strong></span> <span class='ocrx_word' id='word_1_279' title='bbox 385 2167 506 2219; x_wconf 86' lang='lat' dir='ltr'><strong>certiora</strong></span> <span class='ocrx_word' id='word_1_280' title='bbox 522 2166 688 2238; x_wconf 89' lang='lat' dir='ltr'><strong>plerumque</strong></span> <span class='ocrx_word' id='word_1_281' title='bbox 709 2167 761 2220; x_wconf 88' lang='lat' dir='ltr'><strong>dici</strong></span> <span class='ocrx_word' id='word_1_282' title='bbox 783 2177 937 2237; x_wconf 91' lang='lat' dir='ltr'><strong>nequeunt.</strong></span> <span class='ocrx_word' id='word_1_283' title='bbox 984 2164 1099 2233; x_wconf 86' lang='lat' dir='ltr'><strong>phrasti.</strong></span> <span class='ocrx_word' id='word_1_284' title='bbox 1115 2163 1203 2218; x_wconf 80' lang='lat' dir='ltr'><strong>blodo</strong></span> <span class='ocrx_word' id='word_1_285' title='bbox 1217 2182 1252 2217; x_wconf 92' lang='lat' dir='ltr'><strong>ne</strong></span> <span class='ocrx_word' id='word_1_286' title='bbox 1267 2164 1501 2236; x_wconf 86' lang='lat' dir='ltr'><strong>Theophrasteam</strong></span> <span class='ocrx_word' id='word_1_287' title='bbox 1514 2166 1593 2219; x_wconf 88' lang='lat' dir='ltr'><strong>istam</strong></span> <span class='ocrx_word' id='word_1_288' title='bbox 1608 2169 1638 2220; x_wconf 88' lang='lat' dir='ltr'><strong>in</strong></span> <span class='ocrx_word' id='word_1_289' title='bbox 1652 2168 1763 2222; x_wconf 90' lang='lat' dir='ltr'><strong>Duride</strong></span> 
     </span>
     <span class='ocr_line' id='line_1_23' title="bbox 161 2250 1763 2324; baseline 0.002 -20"><span class='ocrx_word' id='word_1_290' title='bbox 161 2253 229 2321; x_wconf 85' lang='lat' dir='ltr'><strong>Quae</strong></span> <span class='ocrx_word' id='word_1_291' title='bbox 242 2253 371 2306; x_wconf 88' lang='lat' dir='ltr'><strong>tenuiora</strong></span> <span class='ocrx_word' id='word_1_292' title='bbox 383 2250 486 2305; x_wconf 91' lang='lat' dir='ltr'><strong>indicia</strong></span> <span class='ocrx_word' id='word_1_293' title='bbox 498 2253 632 2306; x_wconf 89' lang='lat' dir='ltr'><strong>scrutanti</strong></span> <span class='ocrx_word' id='word_1_294' title='bbox 645 2269 743 2306; x_wconf 88' lang='lat' dir='ltr'><strong>eruere</strong></span> <span class='ocrx_word' id='word_1_295' title='bbox 761 2271 825 2306; x_wconf 88' lang='lat' dir='ltr'><strong>curn</strong></span> <span class='ocrx_word' id='word_1_296' title='bbox 846 2253 937 2324; x_wconf 87' lang='lat' dir='ltr'><strong>aliqua</strong></span> <span class='ocrx_word' id='word_1_297' title='bbox 986 2250 1121 2304; x_wconf 85' lang='lat' dir='ltr'><strong>orationis</strong></span> <span class='ocrx_word' id='word_1_298' title='bbox 1130 2250 1309 2304; x_wconf 90' lang='lat' dir='ltr'><strong>dulcedinem</strong></span> <span class='ocrx_word' id='word_1_299' title='bbox 1317 2252 1526 2323; x_wconf 83' lang='lat' dir='ltr'><strong>exspectaveris.</strong></span> <span class='ocrx_word' id='word_1_300' title='bbox 1539 2254 1606 2306; x_wconf 81' lang='lat' dir='ltr'><strong>llaec</strong></span> <span class='ocrx_word' id='word_1_301' title='bbox 1619 2256 1696 2307; x_wconf 87' lang='lat' dir='ltr'><strong>enim</strong></span> <span class='ocrx_word' id='word_1_302' title='bbox 1703 2255 1763 2308; x_wconf 87' lang='lat' dir='ltr'><strong>laus</strong></span> 
     </span>
     <span class='ocr_line' id='line_1_24' title="bbox 163 2337 1762 2411; baseline 0.003 -19"><span class='ocrx_word' id='word_1_303' title='bbox 163 2337 368 2410; x_wconf 89' lang='lat' dir='ltr'><strong>probabilitatis</strong></span> <span class='ocrx_word' id='word_1_304' title='bbox 382 2340 473 2410; x_wconf 87' lang='lat' dir='ltr'><strong>specie</strong></span> <span class='ocrx_word' id='word_1_305' title='bbox 489 2339 566 2406; x_wconf 91' lang='lat' dir='ltr'><strong>licet,</strong></span> <span class='ocrx_word' id='word_1_306' title='bbox 580 2350 643 2393; x_wconf 90' lang='lat' dir='ltr'><strong>sunt</strong></span> <span class='ocrx_word' id='word_1_307' title='bbox 654 2340 713 2393; x_wconf 86' lang='lat' dir='ltr'><strong>sere</strong></span> <span class='ocrx_word' id='word_1_308' title='bbox 728 2338 787 2392; x_wconf 87' lang='lat' dir='ltr'><strong>baec</strong></span> <span class='ocrx_word' id='word_1_309' title='bbox 802 2358 808 2391; x_wconf 76' lang='grc' dir='ltr'><strong>ε</strong></span> <span class='ocrx_word' id='word_1_310' title='bbox 825 2338 911 2394; x_wconf 91' lang='lat' dir='ltr'><strong>Liber</strong></span> <span class='ocrx_word' id='word_1_311' title='bbox 925 2342 937 2392; x_wconf 98' lang='grc'><strong>1</strong></span> <span class='ocrx_word' id='word_1_312' title='bbox 985 2337 1100 2408; x_wconf 89' lang='lat' dir='ltr'><strong>propria</strong></span> <span class='ocrx_word' id='word_1_313' title='bbox 1113 2347 1153 2390; x_wconf 87' lang='lat' dir='ltr'><strong>cst</strong></span> <span class='ocrx_word' id='word_1_314' title='bbox 1163 2337 1357 2410; x_wconf 85' lang='lat' dir='ltr'><strong>Theophrasti.</strong></span> <span class='ocrx_word' id='word_1_315' title='bbox 1377 2339 1490 2409; x_wconf 84' lang='lat' dir='ltr'><strong>Reliqui</strong></span> <span class='ocrx_word' id='word_1_316' title='bbox 1506 2340 1686 2411; x_wconf 86' lang='lat' dir='ltr'><strong>peripatetici</strong></span> <span class='ocrx_word' id='word_1_317' title='bbox 1704 2342 1762 2396; x_wconf 81' lang='lat' dir='ltr'><strong>sere</strong></span> 
     </span>
     <span class='ocr_line' id='line_1_25' title="bbox 158 2422 1762 2499; baseline 0.002 -20"><span class='ocrx_word' id='word_1_318' title='bbox 158 2425 296 2497; x_wconf 90' lang='lat' dir='ltr'><strong>pertinuit</strong></span> <span class='ocrx_word' id='word_1_319' title='bbox 312 2443 400 2499; x_wconf 90' lang='lat' dir='ltr'><strong>usque</strong></span> <span class='ocrx_word' id='word_1_320' title='bbox 417 2424 452 2479; x_wconf 89' lang='lat' dir='ltr'><strong>ad</strong></span> <span class='ocrx_word' id='word_1_321' title='bbox 473 2443 590 2498; x_wconf 82' lang='lat' dir='ltr'><strong>regnum</strong></span> <span class='ocrx_word' id='word_1_322' title='bbox 604 2425 726 2498; x_wconf 88' lang='lat' dir='ltr'><strong>Philippi</strong></span> <span class='ocrx_word' id='word_1_323' title='bbox 741 2424 801 2498; x_wconf 86' lang='lat' dir='ltr'><strong>(Ol.</strong></span> <span class='ocrx_word' id='word_1_324' title='bbox 821 2444 893 2494; x_wconf 83' lang='lat'><strong>102,</strong></span> <span class='ocrx_word' id='word_1_325' title='bbox 909 2425 936 2480; x_wconf 84' lang='lat'><strong>3.</strong></span> <span class='ocrx_word' id='word_1_326' title='bbox 986 2440 1083 2479; x_wconf 88' lang='lat' dir='ltr'><strong>omnes</strong></span> <span class='ocrx_word' id='word_1_327' title='bbox 1097 2422 1181 2476; x_wconf 89' lang='lat' dir='ltr'><strong>rebus</strong></span> <span class='ocrx_word' id='word_1_328' title='bbox 1196 2425 1283 2496; x_wconf 88' lang='lat' dir='ltr'><strong>magis</strong></span> <span class='ocrx_word' id='word_1_329' title='bbox 1293 2441 1380 2494; x_wconf 89' lang='lat' dir='ltr'><strong>quam-</strong></span> <span class='ocrx_word' id='word_1_330' title='bbox 1392 2424 1485 2478; x_wconf 86' lang='lat' dir='ltr'><strong>verbis</strong></span> <span class='ocrx_word' id='word_1_331' title='bbox 1499 2425 1600 2479; x_wconf 86' lang='lat' dir='ltr'><strong>intenti</strong></span> <span class='ocrx_word' id='word_1_332' title='bbox 1613 2444 1670 2481; x_wconf 83' lang='lat' dir='ltr'><strong>esse</strong></span> <span class='ocrx_word' id='word_1_333' title='bbox 1689 2429 1762 2482; x_wconf 87' lang='lat' dir='ltr'><strong>sole·</strong></span> 
     </span>
     <span class='ocr_line' id='line_1_26' title="bbox 160 2509 1761 2586; baseline 0 -20"><span class='ocrx_word' id='word_1_334' title='bbox 160 2521 281 2580; x_wconf 80' lang='lat' dir='ltr'><strong>-sot,</strong></span> <span class='ocrx_word' id='word_1_335' title='bbox 316 2519 350 2580; x_wconf 72' lang='lat' dir='ltr'><strong>A;</strong></span> <span class='ocrx_word' id='word_1_336' title='bbox 383 2511 579 2584; x_wconf 73' lang='lat'><strong>370-361);</strong></span> <span class='ocrx_word' id='word_1_337' title='bbox 609 2531 672 2568; x_wconf 88' lang='lat' dir='ltr'><strong>nam</strong></span> <span class='ocrx_word' id='word_1_338' title='bbox 709 2513 783 2566; x_wconf 93' lang='lat' dir='ltr'><strong>libro</strong></span> <span class='ocrx_word' id='word_1_339' title='bbox 816 2513 938 2568; x_wconf 92' lang='lat' dir='ltr'><strong>secundo</strong></span> <span class='ocrx_word' id='word_1_340' title='bbox 985 2509 1292 2582; x_wconf 87' lang='lat' dir='ltr'><strong>bant,adversariique</strong></span> <span class='ocrx_word' id='word_1_341' title='bbox 1305 2511 1476 2582; x_wconf 87' lang='lat' dir='ltr'><strong>scriptorum</strong></span> <span class='ocrx_word' id='word_1_342' title='bbox 1492 2510 1694 2585; x_wconf 81' lang='grc' dir='ltr'>λογοδαιδάλων,</span> <span class='ocrx_word' id='word_1_343' title='bbox 1712 2517 1761 2586; x_wconf 86' lang='lat' dir='ltr'><strong>qui</strong></span> 
     </span>
     <span class='ocr_line' id='line_1_27' title="bbox 162 2595 1764 2674; baseline -0.001 -20"><span class='ocrx_word' id='word_1_344' title='bbox 162 2598 217 2673; x_wconf 76' lang='lat' dir='ltr'><strong>(ir.</strong></span> <span class='ocrx_word' id='word_1_345' title='bbox 240 2599 273 2672; x_wconf 78' lang='grc' dir='ltr'>οι)</span> <span class='ocrx_word' id='word_1_346' title='bbox 292 2599 349 2670; x_wconf 87' lang='lat' dir='ltr'><strong>jam</strong></span> <span class='ocrx_word' id='word_1_347' title='bbox 372 2601 505 2674; x_wconf 83' lang='lat' dir='ltr'><strong>agebatur</strong></span> <span class='ocrx_word' id='word_1_348' title='bbox 530 2600 565 2654; x_wconf 89' lang='lat' dir='ltr'><strong>de</strong></span> <span class='ocrx_word' id='word_1_349' title='bbox 585 2601 661 2654; x_wconf 90' lang='lat' dir='ltr'><strong>hello</strong></span> <span class='ocrx_word' id='word_1_350' title='bbox 689 2600 822 2655; x_wconf 89' lang='lat' dir='ltr'><strong>Phocieo.</strong></span> <span class='ocrx_word' id='word_1_351' title='bbox 849 2601 941 2654; x_wconf 87' lang='lat' dir='ltr'><strong>Libris</strong></span> <span class='ocrx_word' id='word_1_352' title='bbox 986 2615 1021 2651; x_wconf 89' lang='lat' dir='ltr'><strong>ex</strong></span> <span class='ocrx_word' id='word_1_353' title='bbox 1041 2598 1170 2652; x_wconf 88' lang='lat' dir='ltr'><strong>Isocratis</strong></span> <span class='ocrx_word' id='word_1_354' title='bbox 1190 2598 1284 2650; x_wconf 86' lang='lat' dir='ltr'><strong>schola</strong></span> <span class='ocrx_word' id='word_1_355' title='bbox 1307 2595 1567 2669; x_wconf 84' lang='lat' dir='ltr'><strong>proficiscebantur.</strong></span> <span class='ocrx_word' id='word_1_356' title='bbox 1591 2605 1685 2672; x_wconf 83' lang='lat' dir='ltr'><strong>Atque</strong></span> <span class='ocrx_word' id='word_1_357' title='bbox 1703 2603 1764 2674; x_wconf 74' lang='lat' dir='ltr'><strong>Ipse</strong></span> 
     </span>
     <span class='ocr_line' id='line_1_28' title="bbox 163 2684 1763 2762; baseline 0.001 -21"><span class='ocrx_word' id='word_1_358' title='bbox 163 2688 254 2742; x_wconf 90' lang='lat' dir='ltr'><strong>ll-V</strong></span> <span class='ocrx_word' id='word_1_359' title='bbox 264 2697 362 2742; x_wconf 90' lang='lat' dir='ltr'><strong>auctor</strong></span> <span class='ocrx_word' id='word_1_360' title='bbox 370 2688 490 2759; x_wconf 90' lang='lat' dir='ltr'><strong>Philippi</strong></span> <span class='ocrx_word' id='word_1_361' title='bbox 503 2688 576 2760; x_wconf 89' lang='lat' dir='ltr'><strong>regis</strong></span> <span class='ocrx_word' id='word_1_362' title='bbox 585 2705 629 2742; x_wconf 91' lang='lat' dir='ltr'><strong>res</strong></span> <span class='ocrx_word' id='word_1_363' title='bbox 638 2697 726 2760; x_wconf 89' lang='lat' dir='ltr'><strong>gestas</strong></span> <span class='ocrx_word' id='word_1_364' title='bbox 736 2687 865 2759; x_wconf 87' lang='lat' dir='ltr'><strong>exposuit</strong></span> <span class='ocrx_word' id='word_1_365' title='bbox 877 2687 935 2762; x_wconf 83' lang='lat' dir='ltr'><strong>(Ol.</strong></span> <span class='ocrx_word' id='word_1_366' title='bbox 986 2686 1069 2739; x_wconf 89' lang='lat' dir='ltr'><strong>Duris</strong></span> <span class='ocrx_word' id='word_1_367' title='bbox 1083 2687 1112 2739; x_wconf 89' lang='lat' dir='ltr'><strong>in</strong></span> <span class='ocrx_word' id='word_1_368' title='bbox 1132 2686 1317 2739; x_wconf 81' lang='lat' dir='ltr'><strong>ilistoriarum</strong></span> <span class='ocrx_word' id='word_1_369' title='bbox 1336 2687 1476 2757; x_wconf 73' lang='lat' dir='ltr'><strong>prooemio</strong></span> <span class='ocrx_word' id='word_1_370' title='bbox 1490 2684 1540 2757; x_wconf 78' lang='lat' dir='ltr'><strong>(fr.</strong></span> <span class='ocrx_word' id='word_1_371' title='bbox 1563 2685 1592 2762; x_wconf 81' lang='lat'><strong>1)</strong></span> <span class='ocrx_word' id='word_1_372' title='bbox 1616 2689 1763 2760; x_wconf 83' lang='lat' dir='ltr'><strong>Ephorum</strong></span> 
     </span>
     <span class='ocr_line' id='line_1_29' title="bbox 166 2770 1762 2848; baseline 0.002 -20"><span class='ocrx_word' id='word_1_373' title='bbox 166 2771 239 2842; x_wconf 82' lang='lat'><strong>105,</strong></span> <span class='ocrx_word' id='word_1_374' title='bbox 259 2789 387 2840; x_wconf 86' lang='lat'>1-111,</span> <span class='ocrx_word' id='word_1_375' title='bbox 412 2791 437 2826; x_wconf 89' lang='lat'><strong>1.</strong></span> <span class='ocrx_word' id='word_1_376' title='bbox 462 2771 654 2846; x_wconf 77' lang='lat' dir='ltr'><strong>360-336J;</strong></span> <span class='ocrx_word' id='word_1_377' title='bbox 673 2789 738 2827; x_wconf 87' lang='lat' dir='ltr'><strong>narn</strong></span> <span class='ocrx_word' id='word_1_378' title='bbox 752 2773 826 2826; x_wconf 90' lang='lat' dir='ltr'><strong>libro</strong></span> <span class='ocrx_word' id='word_1_379' title='bbox 840 2773 940 2844; x_wconf 89' lang='lat' dir='ltr'><strong>quinto</strong></span> <span class='ocrx_word' id='word_1_380' title='bbox 985 2770 1168 2843; x_wconf 85' lang='lat' dir='ltr'><strong>reprehendit</strong></span> <span class='ocrx_word' id='word_1_381' title='bbox 1181 2783 1210 2826; x_wconf 93' lang='lat' dir='ltr'><strong>et</strong></span> <span class='ocrx_word' id='word_1_382' title='bbox 1220 2773 1449 2844; x_wconf 69' lang='lat' dir='ltr'><strong>Tmopompum,</strong></span> <span class='ocrx_word' id='word_1_383' title='bbox 1462 2775 1568 2846; x_wconf 90' lang='lat' dir='ltr'><strong>quippe</strong></span> <span class='ocrx_word' id='word_1_384' title='bbox 1581 2777 1631 2846; x_wconf 90' lang='lat' dir='ltr'><strong>qui</strong></span> <span class='ocrx_word' id='word_1_385' title='bbox 1641 2787 1762 2848; x_wconf 89' lang='lat' dir='ltr'><strong>propter</strong></span> 
     </span>
     <span class='ocr_line' id='line_1_30' title="bbox 162 2857 1762 2932; baseline 0.002 -18"><span class='ocrx_word' id='word_1_386' title='bbox 162 2860 254 2915; x_wconf 86' lang='lat' dir='ltr'><strong>adhuc</strong></span> <span class='ocrx_word' id='word_1_387' title='bbox 275 2860 310 2915; x_wconf 91' lang='lat' dir='ltr'><strong>de</strong></span> <span class='ocrx_word' id='word_1_388' title='bbox 326 2860 457 2932; x_wconf 87' lang='lat' dir='ltr'><strong>Philippo</strong></span> <span class='ocrx_word' id='word_1_389' title='bbox 477 2860 583 2914; x_wconf 89' lang='lat' dir='ltr'><strong>dictum</strong></span> <span class='ocrx_word' id='word_1_390' title='bbox 603 2876 660 2914; x_wconf 89' lang='lat' dir='ltr'><strong>esse</strong></span> <span class='ocrx_word' id='word_1_391' title='bbox 673 2860 765 2932; x_wconf 90' lang='lat' dir='ltr'><strong>arguit</strong></span> <span class='ocrx_word' id='word_1_392' title='bbox 782 2858 891 2932; x_wconf 84' lang='lat' dir='ltr'><strong>fragm..</strong></span> <span class='ocrx_word' id='word_1_393' title='bbox 904 2859 938 2926; x_wconf 88' lang='lat'><strong>8,</strong></span> <span class='ocrx_word' id='word_1_394' title='bbox 984 2859 1067 2912; x_wconf 79' lang='lat' dir='ltr'><strong>nimis</strong></span> <span class='ocrx_word' id='word_1_395' title='bbox 1078 2860 1188 2913; x_wconf 89' lang='lat' dir='ltr'><strong>anxiam</strong></span> <span class='ocrx_word' id='word_1_396' title='bbox 1200 2857 1236 2912; x_wconf 91' lang='lat' dir='ltr'><strong>de</strong></span> <span class='ocrx_word' id='word_1_397' title='bbox 1249 2860 1401 2912; x_wconf 86' lang='lat' dir='ltr'><strong>verborum</strong></span> <span class='ocrx_word' id='word_1_398' title='bbox 1413 2861 1617 2932; x_wconf 86' lang='lat' dir='ltr'><strong>compositione</strong></span> <span class='ocrx_word' id='word_1_399' title='bbox 1627 2861 1762 2918; x_wconf 83' lang='lat' dir='ltr'><strong>sedulita-</strong></span> 
     </span>
     <span class='ocr_line' id='line_1_31' title="bbox 164 2941 1759 3022; baseline 0.001 -21"><span class='ocrx_word' id='word_1_400' title='bbox 164 2966 251 3020; x_wconf 90' lang='lat' dir='ltr'><strong>quum</strong></span> <span class='ocrx_word' id='word_1_401' title='bbox 264 2966 298 3001; x_wconf 86' lang='lat' dir='ltr'><strong>ex</strong></span> <span class='ocrx_word' id='word_1_402' title='bbox 309 2947 381 3000; x_wconf 88' lang='lat' dir='ltr'><strong>libro</strong></span> <span class='ocrx_word' id='word_1_403' title='bbox 395 2947 514 3019; x_wconf 90' lang='lat' dir='ltr'><strong>septimo</strong></span> <span class='ocrx_word' id='word_1_404' title='bbox 526 2945 710 3020; x_wconf 77' lang='lat' dir='ltr'><strong>fragmentum</strong></span> <span class='ocrx_word' id='word_1_405' title='bbox 725 2943 781 3018; x_wconf 79' lang='lat' dir='ltr'><strong>(ml</strong></span> <span class='ocrx_word' id='word_1_406' title='bbox 791 2945 848 3016; x_wconf 87' lang='lat' dir='ltr'><strong>jam</strong></span> <span class='ocrx_word' id='word_1_407' title='bbox 861 2945 896 3000; x_wconf 91' lang='lat' dir='ltr'><strong>sit</strong></span> <span class='ocrx_word' id='word_1_408' title='bbox 905 2945 941 3000; x_wconf 89' lang='lat' dir='ltr'><strong>de</strong></span> <span class='ocrx_word' id='word_1_409' title='bbox 987 2954 1044 3000; x_wconf 90' lang='lat' dir='ltr'><strong>tem</strong></span> <span class='ocrx_word' id='word_1_410' title='bbox 1054 2943 1132 3001; x_wconf 78' lang='grc' dir='ltr'>αὐτοῦ</span> <span class='ocrx_word' id='word_1_411' title='bbox 1144 2947 1190 2999; x_wconf 78' lang='grc' dir='ltr'><strong>τοῦ</strong></span> <span class='ocrx_word' id='word_1_412' title='bbox 1199 2941 1306 3022; x_wconf 75' lang='grc' dir='ltr'>γράφειν</span> <span class='ocrx_word' id='word_1_413' title='bbox 1316 2941 1393 3019; x_wconf 83' lang='grc' dir='ltr'>μύνον</span> <span class='ocrx_word' id='word_1_414' title='bbox 1403 2944 1591 3019; x_wconf 72' lang='grc' dir='ltr'>άπιριεληθῆναι</span> <span class='ocrx_word' id='word_1_415' title='bbox 1599 2947 1759 3004; x_wconf 83' lang='lat' dir='ltr'><strong>rideantur.</strong></span> 
     </span>
    </p>
   </div>
   <div class='ocr_carea' id='block_1_3' title="bbox 53 3031 1763 3108">
    <p class='ocr_par' dir='ltr' id='par_1_4' title="bbox 53 3031 1763 3108">
     <span class='ocr_line' id='line_1_32' title="bbox 53 3031 1763 3108; baseline 0.003 -21"><span class='ocrx_word' id='word_1_416' title='bbox 53 3093 58 3104; x_wconf 37' lang='lat'><strong>¹</strong></span> <span class='ocrx_word' id='word_1_417' title='bbox 163 3035 370 3108; x_wconf 86' lang='lat' dir='ltr'><strong>expugnatione</strong></span> <span class='ocrx_word' id='word_1_418' title='bbox 384 3031 458 3104; x_wconf 72' lang='lat' dir='ltr'><strong>Tyri.</strong></span> <span class='ocrx_word' id='word_1_419' title='bbox 472 3033 561 3089; x_wconf 87' lang='lat' dir='ltr'><strong>Libris</strong></span> <span class='ocrx_word' id='word_1_420' title='bbox 575 3034 680 3088; x_wconf 83' lang='lat' dir='ltr'><strong>VI-X</strong></span> <span class='ocrx_word' id='word_1_421' title='bbox 692 3031 883 3087; x_wconf 88' lang='lat' dir='ltr'><strong>tractabantur</strong></span> <span class='ocrx_word' id='word_1_422' title='bbox 898 3050 941 3088; x_wconf 87' lang='lat' dir='ltr'><strong>res</strong></span> <span class='ocrx_word' id='word_1_423' title='bbox 986 3035 1059 3088; x_wconf 87' lang='lat' dir='ltr'><strong>Hinc</strong></span> <span class='ocrx_word' id='word_1_424' title='bbox 1069 3032 1194 3104; x_wconf 84' lang='lat' dir='ltr'><strong>jejunam</strong></span> <span class='ocrx_word' id='word_1_425' title='bbox 1204 3034 1360 3088; x_wconf 85' lang='lat' dir='ltr'><strong>orationem</strong></span> <span class='ocrx_word' id='word_1_426' title='bbox 1373 3044 1401 3088; x_wconf 91' lang='lat' dir='ltr'><strong>et</strong></span> <span class='ocrx_word' id='word_1_427' title='bbox 1412 3033 1572 3107; x_wconf 89' lang='lat' dir='ltr'><strong>languidam</strong></span> <span class='ocrx_word' id='word_1_428' title='bbox 1581 3033 1641 3090; x_wconf 88' lang='lat' dir='ltr'><strong>lieri</strong></span> <span class='ocrx_word' id='word_1_429' title='bbox 1650 3035 1763 3106; x_wconf 83' lang='lat' dir='ltr'><strong>judica-</strong></span> 
     </span>
    </p>
   </div>
   <div class='ocr_carea' id='block_1_4' title="bbox 163 3113 1763 5108">
    <p class='ocr_par' dir='ltr' id='par_1_5' title="bbox 163 3113 1763 4410">
     <span class='ocr_line' id='line_1_33' title="bbox 163 3113 1762 3196; baseline 0.002 -19"><span class='ocrx_word' id='word_1_430' title='bbox 163 3120 316 3177; x_wconf 86' lang='lat' dir='ltr'><strong>Alcxandri</strong></span> <span class='ocrx_word' id='word_1_431' title='bbox 328 3119 389 3192; x_wconf 85' lang='lat' dir='ltr'><strong>(Ol.</strong></span> <span class='ocrx_word' id='word_1_432' title='bbox 409 3137 473 3186; x_wconf 91' lang='lat'><strong>111,</strong></span> <span class='ocrx_word' id='word_1_433' title='bbox 488 3125 611 3187; x_wconf 73' lang='lat'>1-114,</span> <span class='ocrx_word' id='word_1_434' title='bbox 622 3139 650 3174; x_wconf 84' lang='lat' dir='ltr'><strong>a.</strong></span> <span class='ocrx_word' id='word_1_435' title='bbox 667 3118 821 3173; x_wconf 78' lang='lat'>336-323</span> <span class='ocrx_word' id='word_1_436' title='bbox 832 3113 851 3192; x_wconf 81' lang='lat' dir='ltr'><strong>J.</strong></span> <span class='ocrx_word' id='word_1_437' title='bbox 868 3121 941 3172; x_wconf 87' lang='lat' dir='ltr'><strong>Pen-</strong></span> <span class='ocrx_word' id='word_1_438' title='bbox 987 3122 1038 3193; x_wconf 85' lang='lat' dir='ltr'><strong>vit,</strong></span> <span class='ocrx_word' id='word_1_439' title='bbox 1051 3138 1138 3192; x_wconf 88' lang='lat' dir='ltr'><strong>quum</strong></span> <span class='ocrx_word' id='word_1_440' title='bbox 1147 3117 1257 3193; x_wconf 80' lang='grc' dir='ltr'><strong>μίμησιν</strong></span> <span class='ocrx_word' id='word_1_441' title='bbox 1266 3117 1642 3192; x_wconf 72' lang='grc' dir='ltr'>καὶὴδονὴνλιεὼοιοάώοαῑ,</span> <span class='ocrx_word' id='word_1_442' title='bbox 1651 3143 1707 3196; x_wconf 87' lang='lat' dir='ltr'><strong>qua</strong></span> <span class='ocrx_word' id='word_1_443' title='bbox 1717 3144 1762 3180; x_wconf 81' lang='lat' dir='ltr'><strong>nes</strong></span> 
     </span>
     <span class='ocr_line' id='line_1_34' title="bbox 164 3204 1762 3282; baseline 0.003 -20"><span class='ocrx_word' id='word_1_444' title='bbox 164 3209 212 3262; x_wconf 91' lang='lat' dir='ltr'><strong>det</strong></span> <span class='ocrx_word' id='word_1_445' title='bbox 223 3208 357 3262; x_wconf 88' lang='lat' dir='ltr'><strong>sententia</strong></span> <span class='ocrx_word' id='word_1_446' title='bbox 371 3223 404 3259; x_wconf 90' lang='lat' dir='ltr'><strong>ex</strong></span> <span class='ocrx_word' id='word_1_447' title='bbox 418 3205 451 3258; x_wconf 87' lang='lat' dir='ltr'><strong>lr.</strong></span> <span class='ocrx_word' id='word_1_448' title='bbox 467 3224 500 3259; x_wconf 80' lang='grc' dir='ltr'>οι</span> <span class='ocrx_word' id='word_1_449' title='bbox 514 3245 521 3272; x_wconf 90' lang='grc'>,</span> <span class='ocrx_word' id='word_1_450' title='bbox 535 3205 614 3278; x_wconf 87' lang='lat' dir='ltr'><strong>quod</strong></span> <span class='ocrx_word' id='word_1_451' title='bbox 629 3204 664 3260; x_wconf 89' lang='lat' dir='ltr'><strong>ad</strong></span> <span class='ocrx_word' id='word_1_452' title='bbox 679 3223 724 3258; x_wconf 87' lang='lat' dir='ltr'><strong>an.</strong></span> <span class='ocrx_word' id='word_1_453' title='bbox 743 3204 798 3259; x_wconf 77' lang='lat'><strong>325</strong></span> <span class='ocrx_word' id='word_1_454' title='bbox 814 3205 940 3260; x_wconf 86' lang='lat' dir='ltr'><strong>releren-</strong></span> <span class='ocrx_word' id='word_1_455' title='bbox 986 3224 1044 3258; x_wconf 89' lang='lat' dir='ltr'><strong>nou</strong></span> <span class='ocrx_word' id='word_1_456' title='bbox 1058 3215 1113 3259; x_wconf 91' lang='lat' dir='ltr'><strong>tam</strong></span> <span class='ocrx_word' id='word_1_457' title='bbox 1125 3216 1274 3261; x_wconf 85' lang='lat' dir='ltr'><strong>narrantur</strong></span> <span class='ocrx_word' id='word_1_458' title='bbox 1284 3225 1367 3278; x_wconf 91' lang='lat' dir='ltr'><strong>quam</strong></span> <span class='ocrx_word' id='word_1_459' title='bbox 1376 3208 1544 3280; x_wconf 85' lang='lat' dir='ltr'><strong>pingimtur,</strong></span> <span class='ocrx_word' id='word_1_460' title='bbox 1559 3228 1615 3282; x_wconf 87' lang='lat' dir='ltr'><strong>qna</strong></span> <span class='ocrx_word' id='word_1_461' title='bbox 1625 3211 1713 3265; x_wconf 80' lang='lat' dir='ltr'><strong>verba</strong></span> <span class='ocrx_word' id='word_1_462' title='bbox 1726 3209 1762 3265; x_wconf 86' lang='lat' dir='ltr'><strong>ad</strong></span> 
     </span>
     <span class='ocr_line' id='line_1_35' title="bbox 165 3289 1763 3370; baseline 0.006 -27"><span class='ocrx_word' id='word_1_463' title='bbox 165 3289 232 3344; x_wconf 90' lang='lat' dir='ltr'><strong>dum</strong></span> <span class='ocrx_word' id='word_1_464' title='bbox 241 3307 296 3346; x_wconf 86' lang='lat' dir='ltr'><strong>esse</strong></span> <span class='ocrx_word' id='word_1_465' title='bbox 305 3291 426 3348; x_wconf 81' lang='lat' dir='ltr'><strong>videtur.</strong></span> <span class='ocrx_word' id='word_1_466' title='bbox 438 3292 656 3346; x_wconf 83' lang='lat' dir='ltr'><strong>Librin-XV</strong></span> <span class='ocrx_word' id='word_1_467' title='bbox 665 3300 777 3346; x_wconf 85' lang='lat' dir='ltr'><strong>amorte</strong></span> <span class='ocrx_word' id='word_1_468' title='bbox 787 3292 940 3348; x_wconf 80' lang='lat' dir='ltr'><strong>Alexandri</strong></span> <span class='ocrx_word' id='word_1_469' title='bbox 987 3311 1163 3348; x_wconf 81' lang='lat' dir='ltr'><strong>communem</strong></span> <span class='ocrx_word' id='word_1_470' title='bbox 1172 3295 1257 3366; x_wconf 91' lang='lat' dir='ltr'><strong>ipsius</strong></span> <span class='ocrx_word' id='word_1_471' title='bbox 1268 3295 1328 3348; x_wconf 82' lang='lat' dir='ltr'><strong>ritae</strong></span> <span class='ocrx_word' id='word_1_472' title='bbox 1338 3296 1483 3350; x_wconf 82' lang='lat' dir='ltr'><strong>veritatem</strong></span> <span class='ocrx_word' id='word_1_473' title='bbox 1492 3313 1577 3370; x_wconf 85' lang='lat' dir='ltr'><strong>quam</strong></span> <span class='ocrx_word' id='word_1_474' title='bbox 1585 3299 1763 3369; x_wconf 80' lang='lat' dir='ltr'><strong>proximeac·</strong></span> 
     </span>
     <span class='ocr_line' id='line_1_36' title="bbox 165 3377 1760 3455; baseline 0.004 -23"><span class='ocrx_word' id='word_1_475' title='bbox 165 3378 296 3450; x_wconf 89' lang='lat' dir='ltr'><strong>usquead</strong></span> <span class='ocrx_word' id='word_1_476' title='bbox 304 3380 346 3434; x_wconf 94' lang='grc'><strong>01.</strong></span> <span class='ocrx_word' id='word_1_477' title='bbox 361 3378 426 3446; x_wconf 88' lang='lat'>116,</span> <span class='ocrx_word' id='word_1_478' title='bbox 439 3397 467 3432; x_wconf 83' lang='lat' dir='ltr'><strong>a.</strong></span> <span class='ocrx_word' id='word_1_479' title='bbox 485 3377 552 3445; x_wconf 84' lang='grc'><strong>315,</strong></span> <span class='ocrx_word' id='word_1_480' title='bbox 561 3379 618 3434; x_wconf 86' lang='lat' dir='ltr'><strong>sive</strong></span> <span class='ocrx_word' id='word_1_481' title='bbox 627 3377 661 3433; x_wconf 90' lang='lat' dir='ltr'><strong>ad</strong></span> <span class='ocrx_word' id='word_1_482' title='bbox 670 3388 789 3432; x_wconf 90' lang='lat' dir='ltr'><strong>mortem</strong></span> <span class='ocrx_word' id='word_1_483' title='bbox 797 3380 941 3452; x_wconf 79' lang='lat' dir='ltr'><strong>Olympia·</strong></span> <span class='ocrx_word' id='word_1_484' title='bbox 987 3380 1106 3450; x_wconf 87' lang='lat' dir='ltr'><strong>cedunt,</strong></span> <span class='ocrx_word' id='word_1_485' title='bbox 1116 3392 1201 3452; x_wconf 85' lang='lat' dir='ltr'><strong>atque</strong></span> <span class='ocrx_word' id='word_1_486' title='bbox 1213 3383 1251 3436; x_wconf 88' lang='lat' dir='ltr'><strong>sic</strong></span> <span class='ocrx_word' id='word_1_487' title='bbox 1263 3400 1335 3453; x_wconf 93' lang='lat' dir='ltr'><strong>quos</strong></span> <span class='ocrx_word' id='word_1_488' title='bbox 1350 3399 1394 3436; x_wconf 91' lang='lat' dir='ltr'><strong>res</strong></span> <span class='ocrx_word' id='word_1_489' title='bbox 1405 3400 1523 3454; x_wconf 83' lang='lat' dir='ltr'><strong>quaeque</strong></span> <span class='ocrx_word' id='word_1_490' title='bbox 1534 3385 1658 3455; x_wconf 85' lang='lat' dir='ltr'><strong>postulat</strong></span> <span class='ocrx_word' id='word_1_491' title='bbox 1667 3402 1760 3438; x_wconf 84' lang='lat' dir='ltr'><strong>sensus</strong></span> 
     </span>
     <span class='ocr_line' id='line_1_37' title="bbox 166 3465 1762 3544; baseline 0.004 -25"><span class='ocrx_word' id='word_1_492' title='bbox 166 3465 209 3519; x_wconf 90' lang='lat' dir='ltr'><strong>dis</strong></span> <span class='ocrx_word' id='word_1_493' title='bbox 217 3475 301 3538; x_wconf 87' lang='lat' dir='ltr'><strong>atque</strong></span> <span class='ocrx_word' id='word_1_494' title='bbox 309 3466 538 3520; x_wconf 87' lang='lat' dir='ltr'><strong>restaurationem</strong></span> <span class='ocrx_word' id='word_1_495' title='bbox 549 3465 718 3532; x_wconf 86' lang='lat' dir='ltr'><strong>Thebarum,</strong></span> <span class='ocrx_word' id='word_1_496' title='bbox 730 3467 771 3519; x_wconf 92' lang='lat' dir='ltr'><strong>uti</strong></span> <span class='ocrx_word' id='word_1_497' title='bbox 782 3467 896 3538; x_wconf 89' lang='lat' dir='ltr'><strong>colligas</strong></span> <span class='ocrx_word' id='word_1_498' title='bbox 906 3484 940 3522; x_wconf 91' lang='lat' dir='ltr'><strong>ex</strong></span> <span class='ocrx_word' id='word_1_499' title='bbox 987 3468 1175 3541; x_wconf 89' lang='lat' dir='ltr'><strong>inlegentium</strong></span> <span class='ocrx_word' id='word_1_500' title='bbox 1182 3470 1280 3522; x_wconf 89' lang='lat' dir='ltr'><strong>animis</strong></span> <span class='ocrx_word' id='word_1_501' title='bbox 1286 3470 1451 3524; x_wconf 85' lang='lat' dir='ltr'><strong>excitantur.</strong></span> <span class='ocrx_word' id='word_1_502' title='bbox 1459 3470 1613 3525; x_wconf 83' lang='lat' dir='ltr'><strong>lstudvero</strong></span> <span class='ocrx_word' id='word_1_503' title='bbox 1626 3468 1762 3544; x_wconf 74' lang='grc' dir='ltr'>μιμήσεως</span> 
     </span>
     <span class='ocr_line' id='line_1_38' title="bbox 165 3551 1762 3631; baseline 0.004 -25"><span class='ocrx_word' id='word_1_504' title='bbox 165 3551 264 3625; x_wconf 81' lang='lat' dir='ltr'><strong>fragm.</strong></span> <span class='ocrx_word' id='word_1_505' title='bbox 279 3552 326 3619; x_wconf 73' lang='lat'><strong>16,</strong></span> <span class='ocrx_word' id='word_1_506' title='bbox 338 3551 416 3624; x_wconf 91' lang='lat' dir='ltr'><strong>quod</strong></span> <span class='ocrx_word' id='word_1_507' title='bbox 428 3553 593 3625; x_wconf 88' lang='lat' dir='ltr'><strong>pertinetad</strong></span> <span class='ocrx_word' id='word_1_508' title='bbox 605 3571 649 3610; x_wconf 90' lang='lat' dir='ltr'><strong>an.</strong></span> <span class='ocrx_word' id='word_1_509' title='bbox 661 3552 727 3606; x_wconf 82' lang='lat'><strong>315.</strong></span> <span class='ocrx_word' id='word_1_510' title='bbox 741 3552 817 3608; x_wconf 92' lang='lat' dir='ltr'><strong>Libri</strong></span> <span class='ocrx_word' id='word_1_511' title='bbox 828 3554 894 3609; x_wconf 85' lang='lat' dir='ltr'><strong>XVI</strong></span> <span class='ocrx_word' id='word_1_512' title='bbox 905 3584 941 3594; x_wconf 88' lang='grc'><strong>-</strong></span> <span class='ocrx_word' id='word_1_513' title='bbox 986 3553 1119 3622; x_wconf 89' lang='lat' dir='ltr'><strong>studium,</strong></span> <span class='ocrx_word' id='word_1_514' title='bbox 1128 3556 1180 3609; x_wconf 90' lang='lat' dir='ltr'><strong>nisi</strong></span> <span class='ocrx_word' id='word_1_515' title='bbox 1193 3573 1294 3610; x_wconf 83' lang='lat' dir='ltr'><strong>severae</strong></span> <span class='ocrx_word' id='word_1_516' title='bbox 1305 3558 1371 3611; x_wconf 90' lang='lat' dir='ltr'><strong>artis</strong></span> <span class='ocrx_word' id='word_1_517' title='bbox 1386 3559 1531 3630; x_wconf 85' lang='lat' dir='ltr'><strong>praeceptis</strong></span> <span class='ocrx_word' id='word_1_518' title='bbox 1541 3560 1684 3631; x_wconf 76' lang='lat' dir='ltr'><strong>rogitaret</strong></span> <span class='ocrx_word' id='word_1_519' title='bbox 1695 3571 1762 3614; x_wconf 90' lang='lat' dir='ltr'><strong>tem-</strong></span> 
     </span>
     <span class='ocr_line' id='line_1_39' title="bbox 165 3639 1762 3716; baseline 0.004 -21"><span class='ocrx_word' id='word_1_520' title='bbox 165 3641 250 3695; x_wconf 82' lang='lat' dir='ltr'><strong>XXII</strong></span> <span class='ocrx_word' id='word_1_521' title='bbox 260 3640 441 3694; x_wconf 85' lang='lat' dir='ltr'><strong>continebant</strong></span> <span class='ocrx_word' id='word_1_522' title='bbox 453 3659 496 3695; x_wconf 91' lang='lat' dir='ltr'><strong>res</strong></span> <span class='ocrx_word' id='word_1_523' title='bbox 505 3651 593 3714; x_wconf 90' lang='lat' dir='ltr'><strong>gestas</strong></span> <span class='ocrx_word' id='word_1_524' title='bbox 604 3640 639 3694; x_wconf 89' lang='lat' dir='ltr'><strong>ab</strong></span> <span class='ocrx_word' id='word_1_525' title='bbox 654 3641 698 3696; x_wconf 94' lang='lat' dir='ltr'><strong>Ol.</strong></span> <span class='ocrx_word' id='word_1_526' title='bbox 719 3639 788 3708; x_wconf 88' lang='lat'>116,</span> <span class='ocrx_word' id='word_1_527' title='bbox 805 3639 939 3716; x_wconf 84' lang='lat'>3—119,</span> <span class='ocrx_word' id='word_1_528' title='bbox 986 3653 1174 3714; x_wconf 89' lang='lat' dir='ltr'><strong>peratur,quo</strong></span> <span class='ocrx_word' id='word_1_529' title='bbox 1180 3641 1472 3712; x_wconf 87' lang='lat' dir='ltr'><strong>ducereconsucverit,</strong></span> <span class='ocrx_word' id='word_1_530' title='bbox 1479 3661 1561 3699; x_wconf 88' lang='lat' dir='ltr'><strong>nemo</strong></span> <span class='ocrx_word' id='word_1_531' title='bbox 1567 3646 1663 3702; x_wconf 78' lang='lat' dir='ltr'><strong>nescit.</strong></span> <span class='ocrx_word' id='word_1_532' title='bbox 1670 3648 1762 3716; x_wconf 86' lang='lat' dir='ltr'><strong>Quare</strong></span> 
     </span>
     <span class='ocr_line' id='line_1_40' title="bbox 166 3726 1760 3806; baseline 0.003 -23"><span class='ocrx_word' id='word_1_533' title='bbox 166 3729 195 3783; x_wconf 77' lang='lat' dir='ltr'><strong>l.</strong></span> <span class='ocrx_word' id='word_1_534' title='bbox 211 3731 267 3792; x_wconf 74' lang='lat'><strong>314</strong></span> <span class='ocrx_word' id='word_1_535' title='bbox 278 3759 316 3768; x_wconf 92' lang='lat'>-</span> <span class='ocrx_word' id='word_1_536' title='bbox 335 3726 407 3800; x_wconf 80' lang='lat'><strong>301,</strong></span> <span class='ocrx_word' id='word_1_537' title='bbox 422 3729 479 3782; x_wconf 87' lang='lat' dir='ltr'><strong>sive</strong></span> <span class='ocrx_word' id='word_1_538' title='bbox 493 3745 582 3799; x_wconf 91' lang='lat' dir='ltr'><strong>usque</strong></span> <span class='ocrx_word' id='word_1_539' title='bbox 594 3726 629 3782; x_wconf 90' lang='lat' dir='ltr'><strong>ad</strong></span> <span class='ocrx_word' id='word_1_540' title='bbox 641 3746 764 3801; x_wconf 89' lang='lat' dir='ltr'><strong>pugnam</strong></span> <span class='ocrx_word' id='word_1_541' title='bbox 779 3728 814 3782; x_wconf 91' lang='lat' dir='ltr'><strong>ad</strong></span> <span class='ocrx_word' id='word_1_542' title='bbox 829 3730 939 3801; x_wconf 79' lang='lat' dir='ltr'><strong>lpsum3</strong></span> <span class='ocrx_word' id='word_1_543' title='bbox 988 3728 1107 3782; x_wconf 84' lang='lat' dir='ltr'><strong>libenter</strong></span> <span class='ocrx_word' id='word_1_544' title='bbox 1120 3730 1222 3783; x_wconf 89' lang='lat' dir='ltr'><strong>Photio</strong></span> <span class='ocrx_word' id='word_1_545' title='bbox 1243 3729 1396 3802; x_wconf 85' lang='lat' dir='ltr'><strong>largiemur</strong></span> <span class='ocrx_word' id='word_1_546' title='bbox 1417 3731 1554 3785; x_wconf 88' lang='lat' dir='ltr'><strong>Doridem</strong></span> <span class='ocrx_word' id='word_1_547' title='bbox 1577 3733 1608 3785; x_wconf 91' lang='lat' dir='ltr'><strong>in</strong></span> <span class='ocrx_word' id='word_1_548' title='bbox 1625 3733 1659 3786; x_wconf 92' lang='lat' dir='ltr'><strong>iis</strong></span> <span class='ocrx_word' id='word_1_549' title='bbox 1680 3733 1760 3806; x_wconf 84' lang='lat' dir='ltr'><strong>ipsis,</strong></span> 
     </span>
     <span class='ocr_line' id='line_1_41' title="bbox 166 3813 1761 3892; baseline 0.003 -24"><span class='ocrx_word' id='word_1_550' title='bbox 166 3833 230 3870; x_wconf 89' lang='lat' dir='ltr'><strong>nam</strong></span> <span class='ocrx_word' id='word_1_551' title='bbox 244 3814 342 3890; x_wconf 80' lang='lat' dir='ltr'><strong>fragm.</strong></span> <span class='ocrx_word' id='word_1_552' title='bbox 364 3814 400 3868; x_wconf 87' lang='lat'><strong>30</strong></span> <span class='ocrx_word' id='word_1_553' title='bbox 415 3833 449 3870; x_wconf 87' lang='lat' dir='ltr'><strong>ex</strong></span> <span class='ocrx_word' id='word_1_554' title='bbox 464 3815 537 3869; x_wconf 88' lang='lat' dir='ltr'><strong>libro</strong></span> <span class='ocrx_word' id='word_1_555' title='bbox 551 3815 636 3870; x_wconf 83' lang='lat' dir='ltr'><strong>xxll</strong></span> <span class='ocrx_word' id='word_1_556' title='bbox 651 3813 829 3870; x_wconf 79' lang='lat' dir='ltr'><strong>referendum</strong></span> <span class='ocrx_word' id='word_1_557' title='bbox 846 3815 941 3892; x_wconf 68' lang='grc'><strong>11101.</strong></span> <span class='ocrx_word' id='word_1_558' title='bbox 988 3831 1051 3886; x_wconf 87' lang='lat' dir='ltr'><strong>qnae</strong></span> <span class='ocrx_word' id='word_1_559' title='bbox 1061 3816 1090 3868; x_wconf 90' lang='lat' dir='ltr'><strong>in</strong></span> <span class='ocrx_word' id='word_1_560' title='bbox 1099 3815 1214 3887; x_wconf 90' lang='lat' dir='ltr'><strong>Ephoro</strong></span> <span class='ocrx_word' id='word_1_561' title='bbox 1227 3826 1256 3868; x_wconf 92' lang='lat' dir='ltr'><strong>et</strong></span> <span class='ocrx_word' id='word_1_562' title='bbox 1266 3816 1449 3888; x_wconf 90' lang='lat' dir='ltr'><strong>Theopompo</strong></span> <span class='ocrx_word' id='word_1_563' title='bbox 1457 3814 1663 3887; x_wconf 80' lang='lat' dir='ltr'><strong>desideraverit,</strong></span> <span class='ocrx_word' id='word_1_564' title='bbox 1674 3820 1761 3872; x_wconf 89' lang='lat' dir='ltr'><strong>multo</strong></span> 
     </span>
     <span class='ocr_line' id='line_1_42' title="bbox 171 3895 1758 3976; baseline 0.005 -22"><span class='ocrx_word' id='word_1_565' title='bbox 171 3895 242 3974; x_wconf 80' lang='lat'><strong>119,</strong></span> <span class='ocrx_word' id='word_1_566' title='bbox 259 3901 286 3956; x_wconf 86' lang='lat'><strong>3.</strong></span> <span class='ocrx_word' id='word_1_567' title='bbox 299 3901 385 3972; x_wconf 90' lang='lat' dir='ltr'><strong>Quod</strong></span> <span class='ocrx_word' id='word_1_568' title='bbox 401 3921 435 3956; x_wconf 84' lang='lat' dir='ltr'><strong>ex</strong></span> <span class='ocrx_word' id='word_1_569' title='bbox 454 3902 527 3956; x_wconf 92' lang='lat' dir='ltr'><strong>libro</strong></span> <span class='ocrx_word' id='word_1_570' title='bbox 545 3903 643 3956; x_wconf 84' lang='lat' dir='ltr'><strong>XXIII</strong></span> <span class='ocrx_word' id='word_1_571' title='bbox 664 3901 779 3956; x_wconf 86' lang='lat' dir='ltr'><strong>affertur</strong></span> <span class='ocrx_word' id='word_1_572' title='bbox 802 3899 854 3974; x_wconf 81' lang='lat' dir='ltr'><strong>(ir.</strong></span> <span class='ocrx_word' id='word_1_573' title='bbox 870 3901 939 3976; x_wconf 80' lang='lat'><strong>32),</strong></span> <span class='ocrx_word' id='word_1_574' title='bbox 987 3901 1029 3955; x_wconf 89' lang='lat' dir='ltr'><strong>his</strong></span> <span class='ocrx_word' id='word_1_575' title='bbox 1051 3901 1213 3956; x_wconf 78' lang='lat' dir='ltr'><strong>inferiorem</strong></span> <span class='ocrx_word' id='word_1_576' title='bbox 1228 3902 1309 3958; x_wconf 84' lang='lat' dir='ltr'><strong>fuisse</strong></span> <span class='ocrx_word' id='word_1_577' title='bbox 1325 3902 1383 3975; x_wconf 79' lang='grc' dir='ltr'>(τῆς</span> <span class='ocrx_word' id='word_1_578' title='bbox 1401 3902 1427 3957; x_wconf 73' lang='grc' dir='ltr'><strong>ἓν</strong></span> <span class='ocrx_word' id='word_1_579' title='bbox 1445 3902 1531 3966; x_wconf 80' lang='grc' dir='ltr'>αὐτοῖς</span> <span class='ocrx_word' id='word_1_580' title='bbox 1548 3902 1646 3968; x_wconf 89' lang='grc' dir='ltr'>τούτοις</span> <span class='ocrx_word' id='word_1_581' title='bbox 1660 3905 1758 3962; x_wconf 68' lang='grc' dir='ltr'>οἰκονο-</span> 
     </span>
     <span class='ocr_line' id='line_1_43' title="bbox 168 3986 1761 4065; baseline 0.003 -24"><span class='ocrx_word' id='word_1_582' title='bbox 168 3990 302 4062; x_wconf 89' lang='lat' dir='ltr'><strong>temporis</strong></span> <span class='ocrx_word' id='word_1_583' title='bbox 312 3987 504 4044; x_wconf 89' lang='lat' dir='ltr'><strong>definitionem</strong></span> <span class='ocrx_word' id='word_1_584' title='bbox 517 4008 575 4044; x_wconf 87' lang='lat' dir='ltr'><strong>non</strong></span> <span class='ocrx_word' id='word_1_585' title='bbox 586 3989 717 4044; x_wconf 88' lang='lat' dir='ltr'><strong>admittit.</strong></span> <span class='ocrx_word' id='word_1_586' title='bbox 733 3990 794 4044; x_wconf 87' lang='lat' dir='ltr'><strong>Jam</strong></span> <span class='ocrx_word' id='word_1_587' title='bbox 809 4007 896 4060; x_wconf 90' lang='lat' dir='ltr'><strong>quum</strong></span> <span class='ocrx_word' id='word_1_588' title='bbox 906 3989 942 4044; x_wconf 92' lang='lat' dir='ltr'><strong>ad</strong></span> <span class='ocrx_word' id='word_1_589' title='bbox 989 3987 1050 4061; x_wconf 83' lang='grc' dir='ltr'>μίας</span> <span class='ocrx_word' id='word_1_590' title='bbox 1063 3986 1148 4044; x_wconf 74' lang='grc' dir='ltr'>πολλὰ</span> <span class='ocrx_word' id='word_1_591' title='bbox 1159 3990 1211 4044; x_wconf 79' lang='grc' dir='ltr'><strong>τῶν</strong></span> <span class='ocrx_word' id='word_1_592' title='bbox 1224 3989 1323 4065; x_wconf 79' lang='grc' dir='ltr'>ἀνδρῶν</span> <span class='ocrx_word' id='word_1_593' title='bbox 1337 3988 1517 4064; x_wconf 76' lang='grc' dir='ltr'>λειπόμενος).</span> <span class='ocrx_word' id='word_1_594' title='bbox 1529 3993 1680 4064; x_wconf 82' lang='lat' dir='ltr'><strong>Dionysius</strong></span> <span class='ocrx_word' id='word_1_595' title='bbox 1691 4011 1761 4064; x_wconf 88' lang='lat' dir='ltr'><strong>qno·</strong></span> 
     </span>
     <span class='ocr_line' id='line_1_44' title="bbox 167 4075 1760 4150; baseline 0.003 -21"><span class='ocrx_word' id='word_1_596' title='bbox 167 4087 287 4130; x_wconf 88' lang='lat' dir='ltr'><strong>mortem</strong></span> <span class='ocrx_word' id='word_1_597' title='bbox 310 4077 464 4148; x_wconf 83' lang='lat' dir='ltr'><strong>Lysimachi</strong></span> <span class='ocrx_word' id='word_1_598' title='bbox 483 4078 620 4149; x_wconf 88' lang='lat' dir='ltr'><strong>supersint</strong></span> <span class='ocrx_word' id='word_1_599' title='bbox 638 4078 701 4130; x_wconf 85' lang='lat' dir='ltr'><strong>anni</strong></span> <span class='ocrx_word' id='word_1_600' title='bbox 723 4077 821 4150; x_wconf 83' lang='lat' dir='ltr'><strong>viginti</strong></span> <span class='ocrx_word' id='word_1_601' title='bbox 837 4075 943 4149; x_wconf 76' lang='grc'><strong>(300-</strong></span> <span class='ocrx_word' id='word_1_602' title='bbox 989 4076 1272 4148; x_wconf 76' lang='lat' dir='ltr'><strong>quellal.(l)ere1·b.</strong></span> <span class='ocrx_word' id='word_1_603' title='bbox 1288 4095 1381 4149; x_wconf 90' lang='lat' dir='ltr'><strong>comp.</strong></span> <span class='ocrx_word' id='word_1_604' title='bbox 1397 4087 1464 4131; x_wconf 87' lang='lat' dir='ltr'><strong>tom.</strong></span> <span class='ocrx_word' id='word_1_605' title='bbox 1476 4080 1508 4143; x_wconf 91' lang='lat' dir='ltr'><strong>V,</strong></span> <span class='ocrx_word' id='word_1_606' title='bbox 1518 4096 1551 4150; x_wconf 92' lang='lat' dir='ltr'><strong>p.</strong></span> <span class='ocrx_word' id='word_1_607' title='bbox 1563 4077 1645 4132; x_wconf 73' lang='lat' dir='ltr'><strong>atta.</strong></span> <span class='ocrx_word' id='word_1_608' title='bbox 1655 4077 1663 4150; x_wconf 82' lang='grc'><strong>)</strong></span> <span class='ocrx_word' id='word_1_609' title='bbox 1675 4080 1760 4134; x_wconf 87' lang='lat' dir='ltr'><strong>Duri-</strong></span> 
     </span>
     <span class='ocr_line' id='line_1_45' title="bbox 168 4161 1761 4238; baseline 0.003 -23"><span class='ocrx_word' id='word_1_610' title='bbox 168 4161 261 4236; x_wconf 76' lang='grc'><strong>181),</strong></span> <span class='ocrx_word' id='word_1_611' title='bbox 278 4181 341 4234; x_wconf 85' lang='lat' dir='ltr'><strong>quae</strong></span> <span class='ocrx_word' id='word_1_612' title='bbox 353 4175 394 4218; x_wconf 90' lang='lat' dir='ltr'><strong>est</strong></span> <span class='ocrx_word' id='word_1_613' title='bbox 411 4165 440 4216; x_wconf 92' lang='lat' dir='ltr'><strong>in</strong></span> <span class='ocrx_word' id='word_1_614' title='bbox 456 4164 599 4235; x_wconf 88' lang='lat' dir='ltr'><strong>prioribus</strong></span> <span class='ocrx_word' id='word_1_615' title='bbox 613 4164 779 4218; x_wconf 88' lang='lat' dir='ltr'><strong>narrationis</strong></span> <span class='ocrx_word' id='word_1_616' title='bbox 797 4163 943 4236; x_wconf 85' lang='lat' dir='ltr'><strong>prolixitas</strong></span> <span class='ocrx_word' id='word_1_617' title='bbox 989 4161 1053 4217; x_wconf 91' lang='lat' dir='ltr'><strong>dem</strong></span> <span class='ocrx_word' id='word_1_618' title='bbox 1067 4163 1140 4216; x_wconf 91' lang='lat' dir='ltr'><strong>iuter</strong></span> <span class='ocrx_word' id='word_1_619' title='bbox 1153 4181 1200 4216; x_wconf 92' lang='lat' dir='ltr'><strong>eos</strong></span> <span class='ocrx_word' id='word_1_620' title='bbox 1211 4174 1346 4232; x_wconf 86' lang='lat' dir='ltr'><strong>recenset,</strong></span> <span class='ocrx_word' id='word_1_621' title='bbox 1362 4165 1410 4236; x_wconf 93' lang='lat' dir='ltr'><strong>qui</strong></span> <span class='ocrx_word' id='word_1_622' title='bbox 1422 4165 1614 4218; x_wconf 90' lang='lat' dir='ltr'><strong>inverborum</strong></span> <span class='ocrx_word' id='word_1_623' title='bbox 1625 4167 1761 4238; x_wconf 89' lang='lat' dir='ltr'><strong>composi·</strong></span> 
     </span>
     <span class='ocr_line' id='line_1_46' title="bbox 167 4246 1762 4324; baseline 0.001 -22"><span class='ocrx_word' id='word_1_624' title='bbox 167 4248 342 4322; x_wconf 88' lang='lat' dir='ltr'><strong>probabilem</strong></span> <span class='ocrx_word' id='word_1_625' title='bbox 358 4248 451 4303; x_wconf 90' lang='lat' dir='ltr'><strong>reddit</strong></span> <span class='ocrx_word' id='word_1_626' title='bbox 465 4248 658 4319; x_wconf 89' lang='lat' dir='ltr'><strong>conjecturam</strong></span> <span class='ocrx_word' id='word_1_627' title='bbox 676 4249 835 4303; x_wconf 88' lang='lat' dir='ltr'><strong>Hullemani</strong></span> <span class='ocrx_word' id='word_1_628' title='bbox 853 4260 942 4303; x_wconf 90' lang='lat' dir='ltr'><strong>totum</strong></span> <span class='ocrx_word' id='word_1_629' title='bbox 988 4249 1087 4303; x_wconf 89' lang='lat' dir='ltr'><strong>sitione</strong></span> <span class='ocrx_word' id='word_1_630' title='bbox 1110 4246 1192 4302; x_wconf 81' lang='lat' dir='ltr'><strong>valdc</strong></span> <span class='ocrx_word' id='word_1_631' title='bbox 1220 4251 1390 4323; x_wconf 85' lang='lat' dir='ltr'><strong>negligentes</strong></span> <span class='ocrx_word' id='word_1_632' title='bbox 1413 4269 1442 4305; x_wconf 90' lang='lat' dir='ltr'><strong>se</strong></span> <span class='ocrx_word' id='word_1_633' title='bbox 1464 4252 1652 4322; x_wconf 88' lang='lat' dir='ltr'><strong>praebuerint,</strong></span> <span class='ocrx_word' id='word_1_634' title='bbox 1680 4261 1762 4324; x_wconf 91' lang='lat' dir='ltr'><strong>atque</strong></span> 
     </span>
     <span class='ocr_line' id='line_1_47' title="bbox 169 4332 1762 4410; baseline 0.001 -22"><span class='ocrx_word' id='word_1_635' title='bbox 169 4351 240 4408; x_wconf 89' lang='lat' dir='ltr'><strong>opus</strong></span> <span class='ocrx_word' id='word_1_636' title='bbox 253 4343 318 4388; x_wconf 88' lang='lat' dir='ltr'><strong>octo</strong></span> <span class='ocrx_word' id='word_1_637' title='bbox 329 4343 355 4388; x_wconf 90' lang='lat' dir='ltr'><strong>et</strong></span> <span class='ocrx_word' id='word_1_638' title='bbox 367 4335 465 4407; x_wconf 89' lang='lat' dir='ltr'><strong>viginti</strong></span> <span class='ocrx_word' id='word_1_639' title='bbox 477 4335 588 4388; x_wconf 88' lang='lat' dir='ltr'><strong>circiter</strong></span> <span class='ocrx_word' id='word_1_640' title='bbox 599 4335 676 4388; x_wconf 84' lang='lat' dir='ltr'><strong>libris</strong></span> <span class='ocrx_word' id='word_1_641' title='bbox 688 4335 851 4389; x_wconf 84' lang='lat' dir='ltr'><strong>constitisse.</strong></span> <span class='ocrx_word' id='word_1_642' title='bbox 988 4333 1108 4398; x_wconf 81' lang='grc' dir='ltr'>τοιαύτας</span> <span class='ocrx_word' id='word_1_643' title='bbox 1131 4333 1266 4400; x_wconf 78' lang='grc' dir='ltr'>συντάξευς</span> <span class='ocrx_word' id='word_1_644' title='bbox 1287 4333 1439 4408; x_wconf 78' lang='grc' dir='ltr'>κατάλιπον,</span> <span class='ocrx_word' id='word_1_645' title='bbox 1461 4332 1519 4400; x_wconf 75' lang='grc' dir='ltr'>οἵας</span> <span class='ocrx_word' id='word_1_646' title='bbox 1537 4335 1617 4400; x_wconf 82' lang='grc' dir='ltr'>οὐδεὶς</span> <span class='ocrx_word' id='word_1_647' title='bbox 1641 4337 1762 4410; x_wconf 73' lang='grc' dir='ltr'>ὑπομένει</span> 
     </span>
    </p>

    <p class='ocr_par' dir='ltr' id='par_1_6' title="bbox 169 4419 1763 5108">
     <span class='ocr_line' id='line_1_48' title="bbox 207 4419 1760 4499; baseline 0.002 -25"><span class='ocrx_word' id='word_1_648' title='bbox 207 4419 291 4492; x_wconf 84' lang='lat' dir='ltr'><strong>Quod</strong></span> <span class='ocrx_word' id='word_1_649' title='bbox 300 4423 428 4475; x_wconf 90' lang='lat' dir='ltr'><strong>orientali</strong></span> <span class='ocrx_word' id='word_1_650' title='bbox 438 4421 942 4494; x_wconf 82' lang='lat' dir='ltr'><strong>EuropaepartiPhilippmetAlexan·</strong></span> <span class='ocrx_word' id='word_1_651' title='bbox 989 4419 1068 4499; x_wconf 73' lang='grc' dir='ltr'>μέχρι</span> <span class='ocrx_word' id='word_1_652' title='bbox 1077 4421 1212 4497; x_wconf 84' lang='grc' dir='ltr'>κορωνίδος</span> <span class='ocrx_word' id='word_1_653' title='bbox 1222 4422 1389 4480; x_wconf 61' lang='lat' dir='ltr'><strong>taetantes.</strong></span> <span class='ocrx_word' id='word_1_654' title='bbox 1399 4424 1540 4478; x_wconf 86' lang='lat' dir='ltr'><strong>Himerius</strong></span> <span class='ocrx_word' id='word_1_655' title='bbox 1548 4425 1672 4478; x_wconf 88' lang='lat' dir='ltr'><strong>Declam.</strong></span> <span class='ocrx_word' id='word_1_656' title='bbox 1684 4425 1760 4492; x_wconf 79' lang='lat' dir='ltr'><strong>xlv,</strong></span> 
     </span>
     <span class='ocr_line' id='line_1_49' title="bbox 169 4506 1759 4588; baseline 0.003 -25"><span class='ocrx_word' id='word_1_657' title='bbox 169 4508 230 4576; x_wconf 90' lang='lat' dir='ltr'><strong>der,</strong></span> <span class='ocrx_word' id='word_1_658' title='bbox 244 4507 320 4562; x_wconf 89' lang='lat' dir='ltr'><strong>idem</strong></span> <span class='ocrx_word' id='word_1_659' title='bbox 334 4507 554 4563; x_wconf 84' lang='lat' dir='ltr'><strong>occidentalibus</strong></span> <span class='ocrx_word' id='word_1_660' title='bbox 568 4509 729 4582; x_wconf 89' lang='lat' dir='ltr'><strong>regionibus</strong></span> <span class='ocrx_word' id='word_1_661' title='bbox 741 4507 793 4561; x_wconf 86' lang='lat' dir='ltr'><strong>luit</strong></span> <span class='ocrx_word' id='word_1_662' title='bbox 814 4510 943 4582; x_wconf 83' lang='lat' dir='ltr'><strong>Agatho·</strong></span> <span class='ocrx_word' id='word_1_663' title='bbox 991 4529 1027 4580; x_wconf 71' lang='grc' dir='ltr'><strong>κγ</strong></span> <span class='ocrx_word' id='word_1_664' title='bbox 1038 4510 1082 4565; x_wconf 90' lang='lat' dir='ltr'><strong>ed.</strong></span> <span class='ocrx_word' id='word_1_665' title='bbox 1096 4510 1238 4566; x_wconf 86' lang='lat' dir='ltr'><strong>Wernsdl&#39;.</strong></span> <span class='ocrx_word' id='word_1_666' title='bbox 1250 4507 1366 4586; x_wconf 73' lang='grc' dir='ltr'>ι”Εγιογτ</span> <span class='ocrx_word' id='word_1_667' title='bbox 1378 4506 1502 4587; x_wconf 85' lang='grc' dir='ltr'>πρότερον</span> <span class='ocrx_word' id='word_1_668' title='bbox 1509 4508 1553 4566; x_wconf 80' lang='grc' dir='ltr'><strong>ἐπὶ</strong></span> <span class='ocrx_word' id='word_1_669' title='bbox 1562 4509 1613 4573; x_wconf 84' lang='grc' dir='ltr'>τοῖς</span> <span class='ocrx_word' id='word_1_670' title='bbox 1621 4507 1759 4588; x_wconf 84' lang='grc' dir='ltr'>Ἡροδότου</span> 
     </span>
     <span class='ocr_line' id='line_1_50' title="bbox 169 4593 1762 4673; baseline 0.001 -24"><span class='ocrx_word' id='word_1_671' title='bbox 169 4598 225 4650; x_wconf 84' lang='lat' dir='ltr'><strong>cles</strong></span> <span class='ocrx_word' id='word_1_672' title='bbox 237 4593 325 4667; x_wconf 77' lang='lat'><strong>(115,</strong></span> <span class='ocrx_word' id='word_1_673' title='bbox 340 4595 474 4662; x_wconf 67' lang='lat' dir='ltr'><strong>d-tan,</strong></span> <span class='ocrx_word' id='word_1_674' title='bbox 490 4602 517 4660; x_wconf 70' lang='lat' dir='ltr'><strong>i.</strong></span> <span class='ocrx_word' id='word_1_675' title='bbox 531 4595 685 4668; x_wconf 78' lang='lat'>317-289</span> <span class='ocrx_word' id='word_1_676' title='bbox 695 4593 790 4669; x_wconf 77' lang='lat' dir='ltr'><strong>).Ejus</strong></span> <span class='ocrx_word' id='word_1_677' title='bbox 800 4596 944 4650; x_wconf 88' lang='lat' dir='ltr'><strong>historiam</strong></span> <span class='ocrx_word' id='word_1_678' title='bbox 989 4595 1072 4670; x_wconf 79' lang='grc' dir='ltr'>λόγοις</span> <span class='ocrx_word' id='word_1_679' title='bbox 1092 4593 1173 4665; x_wconf 78' lang='grc' dir='ltr'>ἡδέως</span> <span class='ocrx_word' id='word_1_680' title='bbox 1192 4593 1363 4669; x_wconf 78' lang='grc' dir='ltr'>διατιθέμενος</span> <span class='ocrx_word' id='word_1_681' title='bbox 1383 4597 1466 4652; x_wconf 87' lang='grc' dir='ltr'>παῖδα</span> <span class='ocrx_word' id='word_1_682' title='bbox 1477 4594 1523 4653; x_wconf 84' lang='grc' dir='ltr'><strong>τδν</strong></span> <span class='ocrx_word' id='word_1_683' title='bbox 1543 4595 1682 4673; x_wconf 82' lang='grc' dir='ltr'>Ἡρόδοτον</span> <span class='ocrx_word' id='word_1_684' title='bbox 1701 4595 1762 4673; x_wconf 77' lang='grc' dir='ltr'>πρὸς</span> 
     </span>
     <span class='ocr_line' id='line_1_51' title="bbox 169 4680 1762 4761; baseline 0 -23"><span class='ocrx_word' id='word_1_685' title='bbox 169 4682 276 4738; x_wconf 86' lang='lat' dir='ltr'><strong>Samius</strong></span> <span class='ocrx_word' id='word_1_686' title='bbox 289 4690 423 4753; x_wconf 85' lang='lat' dir='ltr'><strong>tyrannus</strong></span> <span class='ocrx_word' id='word_1_687' title='bbox 435 4683 570 4754; x_wconf 88' lang='lat' dir='ltr'><strong>peculiari</strong></span> <span class='ocrx_word' id='word_1_688' title='bbox 583 4699 669 4754; x_wconf 86' lang='lat' dir='ltr'><strong>opero</strong></span> <span class='ocrx_word' id='word_1_689' title='bbox 684 4683 831 4750; x_wconf 83' lang='lat' dir='ltr'><strong>enarravit,</strong></span> <span class='ocrx_word' id='word_1_690' title='bbox 843 4683 872 4736; x_wconf 92' lang='lat' dir='ltr'><strong>in</strong></span> <span class='ocrx_word' id='word_1_691' title='bbox 887 4701 943 4754; x_wconf 89' lang='lat' dir='ltr'><strong>quo</strong></span> <span class='ocrx_word' id='word_1_692' title='bbox 990 4680 1037 4752; x_wconf 78' lang='grc' dir='ltr'><strong>τὴν</strong></span> <span class='ocrx_word' id='word_1_693' title='bbox 1051 4680 1141 4739; x_wconf 86' lang='grc' dir='ltr'>τούτου</span> <span class='ocrx_word' id='word_1_694' title='bbox 1155 4683 1363 4757; x_wconf 75' lang='lat' dir='ltr'><strong>(Hermogenis)</strong></span> <span class='ocrx_word' id='word_1_695' title='bbox 1384 4680 1459 4760; x_wconf 81' lang='grc' dir='ltr'>χάριν</span> <span class='ocrx_word' id='word_1_696' title='bbox 1473 4681 1612 4761; x_wconf 72' lang='grc' dir='ltr'>ὑπείληφα.</span> <span class='ocrx_word' id='word_1_697' title='bbox 1626 4680 1723 4761; x_wconf 74' lang='grc' dir='ltr'>Μικροὶ</span> <span class='ocrx_word' id='word_1_698' title='bbox 1735 4681 1762 4739; x_wconf 83' lang='grc' dir='ltr'><strong>δέ</strong></span> 
     </span>
     <span class='ocr_line' id='line_1_52' title="bbox 170 4757 1762 4849; baseline 0.001 -27"><span class='ocrx_word' id='word_1_699' title='bbox 170 4767 364 4841; x_wconf 90' lang='lat' dir='ltr'><strong>benigniorem</strong></span> <span class='ocrx_word' id='word_1_700' title='bbox 386 4785 414 4822; x_wconf 89' lang='lat' dir='ltr'><strong>se</strong></span> <span class='ocrx_word' id='word_1_701' title='bbox 436 4757 607 4838; x_wconf 79' lang='lat' dir='ltr'><strong>Syracusano</strong></span> <span class='ocrx_word' id='word_1_702' title='bbox 627 4767 779 4842; x_wconf 88' lang='lat' dir='ltr'><strong>praebuerit</strong></span> <span class='ocrx_word' id='word_1_703' title='bbox 795 4787 877 4840; x_wconf 89' lang='lat' dir='ltr'><strong>quam</strong></span> <span class='ocrx_word' id='word_1_704' title='bbox 898 4772 920 4823; x_wconf 87' lang='lat' dir='ltr'><strong>T</strong></span> <span class='ocrx_word' id='word_1_705' title='bbox 922 4772 945 4822; x_wconf 89' lang='lat' dir='ltr'><strong>i·</strong></span> <span class='ocrx_word' id='word_1_706' title='bbox 991 4793 1035 4845; x_wconf 83' lang='grc' dir='ltr'>μοι</span> <span class='ocrx_word' id='word_1_707' title='bbox 1046 4768 1136 4826; x_wconf 78' lang='grc' dir='ltr'>λοιπὸν</span> <span class='ocrx_word' id='word_1_708' title='bbox 1148 4769 1299 4829; x_wconf 82' lang='grc' dir='ltr'>Ἑλλάνικοί</span> <span class='ocrx_word' id='word_1_709' title='bbox 1311 4781 1339 4826; x_wconf 76' lang='grc' dir='ltr'>τι</span> <span class='ocrx_word' id='word_1_710' title='bbox 1353 4769 1398 4826; x_wconf 82' lang='grc' dir='ltr'><strong>καλ</strong></span> <span class='ocrx_word' id='word_1_711' title='bbox 1419 4768 1556 4849; x_wconf 77' lang='grc' dir='ltr'>Δούριδος,</span> <span class='ocrx_word' id='word_1_712' title='bbox 1569 4768 1607 4827; x_wconf 83' lang='grc' dir='ltr'>ἔτι</span> <span class='ocrx_word' id='word_1_713' title='bbox 1619 4769 1664 4826; x_wconf 85' lang='grc' dir='ltr'><strong>καὶ</strong></span> <span class='ocrx_word' id='word_1_714' title='bbox 1684 4774 1701 4839; x_wconf 82' lang='grc' dir='ltr'>ἠ</span> <span class='ocrx_word' id='word_1_715' title='bbox 1719 4773 1762 4825; x_wconf 78' lang='grc' dir='ltr'><strong>τοῦ</strong></span> 
     </span>
     <span class='ocr_line' id='line_1_53' title="bbox 171 4853 1761 4935; baseline -0.001 -25"><span class='ocrx_word' id='word_1_716' title='bbox 171 4873 265 4923; x_wconf 87' lang='lat' dir='ltr'><strong>maeus,</strong></span> <span class='ocrx_word' id='word_1_717' title='bbox 278 4856 327 4927; x_wconf 94' lang='lat' dir='ltr'><strong>qui</strong></span> <span class='ocrx_word' id='word_1_718' title='bbox 339 4856 433 4928; x_wconf 89' lang='lat' dir='ltr'><strong>paullo</strong></span> <span class='ocrx_word' id='word_1_719' title='bbox 442 4864 505 4927; x_wconf 87' lang='lat' dir='ltr'><strong>post</strong></span> <span class='ocrx_word' id='word_1_720' title='bbox 515 4855 651 4911; x_wconf 85' lang='lat' dir='ltr'><strong>Doridem</strong></span> <span class='ocrx_word' id='word_1_721' title='bbox 658 4855 817 4928; x_wconf 87' lang='lat' dir='ltr'><strong>Agathoclis</strong></span> <span class='ocrx_word' id='word_1_722' title='bbox 828 4875 871 4911; x_wconf 90' lang='lat' dir='ltr'><strong>res</strong></span> <span class='ocrx_word' id='word_1_723' title='bbox 879 4876 945 4931; x_wconf 89' lang='lat' dir='ltr'><strong>per·</strong></span> <span class='ocrx_word' id='word_1_724' title='bbox 991 4855 1211 4935; x_wconf 76' lang='grc' dir='ltr'>Ἁλικαρνασσέως</span> <span class='ocrx_word' id='word_1_725' title='bbox 1233 4853 1336 4925; x_wconf 79' lang='grc' dir='ltr'>ποίησις</span> <span class='ocrx_word' id='word_1_726' title='bbox 1354 4855 1398 4912; x_wconf 81' lang='grc' dir='ltr'><strong>καὶ</strong></span> <span class='ocrx_word' id='word_1_727' title='bbox 1413 4853 1481 4920; x_wconf 80' lang='grc' dir='ltr'>ὅσοις</span> <span class='ocrx_word' id='word_1_728' title='bbox 1501 4855 1571 4933; x_wconf 85' lang='grc' dir='ltr'>λόγῳ</span> <span class='ocrx_word' id='word_1_729' title='bbox 1594 4855 1694 4934; x_wconf 77' lang='grc' dir='ltr'>γράψαι</span> <span class='ocrx_word' id='word_1_730' title='bbox 1716 4853 1761 4922; x_wconf 68' lang='grc' dir='ltr'><strong>τὴν</strong></span> 
     </span>
     <span class='ocr_line' id='line_1_54' title="bbox 172 4938 1761 5018; baseline -0.003 -20"><span class='ocrx_word' id='word_1_731' title='bbox 172 4943 278 4998; x_wconf 87' lang='lat' dir='ltr'><strong>censuit</strong></span> <span class='ocrx_word' id='word_1_732' title='bbox 287 4942 364 4997; x_wconf 91' lang='lat' dir='ltr'><strong>libris</strong></span> <span class='ocrx_word' id='word_1_733' title='bbox 375 4944 511 5016; x_wconf 87' lang='lat' dir='ltr'><strong>quinque.</strong></span> <span class='ocrx_word' id='word_1_734' title='bbox 526 4943 655 5015; x_wconf 82' lang='lat' dir='ltr'><strong>Ejusdem</strong></span> <span class='ocrx_word' id='word_1_735' title='bbox 666 4942 723 4998; x_wconf 86' lang='lat' dir='ltr'><strong>lere</strong></span> <span class='ocrx_word' id='word_1_736' title='bbox 735 4943 854 4998; x_wconf 90' lang='lat' dir='ltr'><strong>ambitus</strong></span> <span class='ocrx_word' id='word_1_737' title='bbox 863 4946 945 5001; x_wconf 84' lang='lat' dir='ltr'><strong>suerit</strong></span> <span class='ocrx_word' id='word_1_738' title='bbox 991 4941 1141 5017; x_wconf 79' lang='grc' dir='ltr'>οἰκουμένην</span> <span class='ocrx_word' id='word_1_739' title='bbox 1162 4938 1261 5010; x_wconf 71' lang='grc' dir='ltr'>σπουδὴ</span> <span class='ocrx_word' id='word_1_740' title='bbox 1280 4940 1380 5018; x_wconf 74' lang='grc' dir='ltr'>ἐγένετο</span> <span class='ocrx_word' id='word_1_741' title='bbox 1400 4940 1463 5018; x_wconf 74' lang='grc' dir='ltr'>πρὸς</span> <span class='ocrx_word' id='word_1_742' title='bbox 1485 4941 1584 5007; x_wconf 82' lang='grc' dir='ltr'>ἐκείνας</span> <span class='ocrx_word' id='word_1_743' title='bbox 1598 4939 1644 5006; x_wconf 71' lang='grc' dir='ltr'><strong>τὰς</strong></span> <span class='ocrx_word' id='word_1_744' title='bbox 1658 4939 1761 5016; x_wconf 83' lang='grc' dir='ltr'>1ογγας,</span> 
     </span>
     <span class='ocr_line' id='line_1_55' title="bbox 173 5019 1763 5108; baseline -0.002 -23"><span class='ocrx_word' id='word_1_745' title='bbox 173 5047 244 5102; x_wconf 87' lang='lat' dir='ltr'><strong>opus</strong></span> <span class='ocrx_word' id='word_1_746' title='bbox 257 5031 350 5084; x_wconf 87' lang='lat' dir='ltr'><strong>Samii.</strong></span> <span class='ocrx_word' id='word_1_747' title='bbox 372 5031 441 5084; x_wconf 81' lang='lat' dir='ltr'><strong>Natu</strong></span> <span class='ocrx_word' id='word_1_748' title='bbox 461 5029 538 5102; x_wconf 92' lang='lat' dir='ltr'><strong>quod</strong></span> <span class='ocrx_word' id='word_1_749' title='bbox 554 5030 673 5103; x_wconf 88' lang='lat' dir='ltr'><strong>inlibris</strong></span> <span class='ocrx_word' id='word_1_750' title='bbox 690 5031 812 5086; x_wconf 78' lang='lat' dir='ltr'><strong>Athenaei</strong></span> <span class='ocrx_word' id='word_1_751' title='bbox 828 5032 878 5108; x_wconf 73' lang='lat' dir='ltr'><strong>(ir.</strong></span> <span class='ocrx_word' id='word_1_752' title='bbox 898 5033 944 5106; x_wconf 69' lang='lat' dir='ltr'><strong>aa)</strong></span> <span class='ocrx_word' id='word_1_753' title='bbox 996 5020 1035 5094; x_wconf 78' lang='grc' dir='ltr'><strong>οἷς</strong></span> <span class='ocrx_word' id='word_1_754' title='bbox 1049 5019 1122 5094; x_wconf 70' lang='grc' dir='ltr'>οὗτος</span> <span class='ocrx_word' id='word_1_755' title='bbox 1141 5029 1286 5098; x_wconf 82' lang='grc' dir='ltr'>κατακηλεῖ</span> <span class='ocrx_word' id='word_1_756' title='bbox 1302 5028 1360 5095; x_wconf 80' lang='grc' dir='ltr'>τούς</span> <span class='ocrx_word' id='word_1_757' title='bbox 1381 5027 1528 5092; x_wconf 81' lang='grc' dir='ltr'>ἀκούοντας.</span> <span class='ocrx_word' id='word_1_758' title='bbox 1542 5029 1597 5086; x_wconf 90' lang='lat' dir='ltr'><strong>Sed</strong></span> <span class='ocrx_word' id='word_1_759' title='bbox 1618 5029 1763 5083; x_wconf 89' lang='lat' dir='ltr'><strong>indulserit</strong></span> 
     </span>
    </p>
   </div>
   <div class='ocr_carea' id='block_1_5' title="bbox 0 0 1935 5764">
    <p class='ocr_par' dir='ltr' id='par_1_7' title="bbox 0 0 1935 5764">
     <span class='ocr_line' id='line_1_56' title="bbox 0 0 1935 5764; baseline 0 0"><span class='ocrx_word' id='word_1_760' title='bbox 0 0 1935 5764; x_wconf 95' lang='lat' dir='ltr'><strong> </strong></span> 
     </span>
    </p>
   </div>
  </div>
 </body>
</html>
