3834 5767
815 361 968 421 PEPLUS.

120 493 257 558 ’καθίζεσθαι
272 489 312 547 ἐπ’
327 490 404 561 αὐτὸ,
430 489 495 548 όιιου
515 494 558 546 νῦν
572 489 640 547 ἐστὶν
657 489 725 569 ἱερὸν
734 485 772 548 Ἥ
793 513 822 554 ας
837 511 879 546 τε·
924 503 975 561 est,
996 491 1114 564 fierique
1127 502 1220 565 potest
1236 502 1268 545 ut
1285 502 1360 546 recte
1373 509 1478 545 nomen
1490 494 1645 547 Aristotelis
1666 513 1694 548 se
1778 504 1782 512 ‘
1884 540 1885 553 ,

123 577 194 642 λείας.
208 575 259 635 Τὸν
270 577 297 633 δὲ
310 576 425 651 κόκκυγα
439 579 549 656 ῥιγῶντα
570 575 615 634 καὶ
627 513 825 655 περρικόραίόιόι
836 575 879 633 τὸν
924 577 1038 645 habeat,
1057 587 1140 649 atque
1159 588 1245 649 caput
1259 576 1372 647 majoris
1385 578 1478 649 operis
1497 578 1692 651 mythologici‚

122 659 244 742 χειμῶνα,
263 667 492 730 κατασπασθῆναι
507 662 550 719 καὶ
565 667 719 732 καθεσθῆναι
733 663 775 720 ἐπὶ
790 662 822 719 τὰ
836 662 879 736 γό-
923 682 982 716 non
988 664 1136 736 peculiaris
1145 661 1580 736 iibeiiussignificeturverbis:ir
1591 665 1629 738 τῷ
1636 663 1695 741 περὶ

122 771 182 804 νατα
205 751 292 818 αὐτῆς.
307 749 364 818 Τὴν
389 748 417 806 δὲ
440 745 529 825 Ἥραν
549 749 652 806 ἰδοῦσαν
665 747 742 806 αὐτὸν
757 749 881 824 οἰκτεῖραι
924 745 1062 823 Ἑρμιόνης
1073 749 1147 825 ἱερῶν
1164 748 1219 823 (sic
1230 750 1321 820 Toup.
1335 760 1362 801 et
1370 749 1528 804 Hemsterh.
1544 768 1598 822 pro
1608 747 1692 826 ἱερῷ).

121 845 161 890 καὶ
173 831 316 911 αεριόαλιῒν
327 838 360 912 τῇ
373 833 520 912 ἀμπεχόνη.
532 835 583 892 Τὸν
595 832 621 892 δὲ
631 833 682 893 Δία
695 833 786 900 εὐθέως
800 857 880 909 μετοι-
923 835 973 888 Sin
989 835 1128 907 peculiare
1149 851 1220 905 opus
1238 843 1313 900 erat,
1327 835 1460 904 quaeritur
1471 851 1507 887 an
1519 853 1579 888 non
1586 839 1696 890 Aristo-

122 919 200 978 ότλεῖν
212 919 256 987 τὴν
270 919 328 1000 opo
342 922 386 978 καὶ
397 917 718 1001 ἒπιλαόέσθοιιτῆςἭρας.
731 924 787 992 Τῆς
797 921 824 977 δὲ
833 919 879 989 τὴν
924 925 987 975 telis
996 925 1092 994 Argivi
1107 921 1205 987 suerit,
1219 922 1276 974 sive
1291 919 1349 990 ejus
1363 939 1448 992 quem
1462 939 1517 974 nna
1531 940 1595 975 cum
1608 924 1696 976 Dinia

121 1005 180 1080 μίξιν
199 1006 406 1084 παραιτουμένης
422 1006 465 1064 διὰ
487 1005 534 1076 τὴν
548 1005 657 1083 μητέρα,
683 1005 758 1063 αὐτὸν
772 1003 881 1084 ienensi·
925 1011 1027 1080 ArgIvo
1040 1018 1177 1062 memorat
1189 1005 1350 1060 Plutarchus
1363 1005 1395 1060 in
1406 1015 1494 1061 Arato
1516 1004 1559 1082 (c.
1574 1007 1618 1081 3),
1639 1010 1696 1062 sive

121 1101 283 1168 σθαιγοναῑκο
293 1093 392 1164 ταύτην
405 1091 572 1162 ποιήσασθαι.
615 1092 668 1152 Καὶ
678 1092 739 1170 παρ’
750 1092 880 1170 Ἀργείοις,
924 1095 1001 1151 alius.
1009 1095 1215 1160 -Hermione,
1223 1094 1325 1146 sirecte
1333 1110 1361 1146 se
1369 1111 1473 1146 nomen
1481 1092 1575 1161 habet,
1583 1095 1697 1148 sortasse

121 1177 142 1236 oi
154 1179 266 1254 μέματον
279 1185 333 1237 τῶν
346 1179 477 1250 Ἑλλήνων
489 1184 583 1255 τιμῶσι
595 1179 643 1248 τὴν
656 1179 721 1249 θεὸν,
729 1179 758 1235 τὸ
774 1178 880 1255 ἄγαλμα
925 1190 965 1234 est
976 1180 1058 1235 Ceres
1066 1179 1218 1233 Hermione
1237 1177 1280 1252 (v.
1294 1177 1396 1232 Athen.
1407 1180 1483 1246 XIV,
1495 1197 1525 1250 p.
1541 1179 1610 1250 Get,
1626 1177 1694 1247 655;

121 1269 158 1336 τῆς
167 1263 282 1346 Ἥραςόν
298 1271 337 1346 τῷ
351 1270 405 1346 ναῷ
413 1267 557 1341 καθήμενον
567 1269 593 1323 ἐν
607 1265 731 1346 θρόνῳτῇ
745 1265 812 1344 χειρὶ
826 1263 881 1342 ἔχει
924 1267 1006 1320 Phor.
1018 1284 1046 1321 ν.
1059 1262 1195 1338 Ἑρμιόνη.
1208 1267 1251 1318 De
1263 1265 1363 1318 Cerere
1377 1266 1529 1319 Hermione
1546 1281 1592 1338 ap.
1609 1267 1696 1337 Syra-

119 1357 246 1431 σκῆιιτρον,
259 1354 308 1411 καὶ
322 1356 363 1411 ἐπ’
377 1357 447 1433 αὐτῷ
458 1359 495 1433 τῷ
505 1353 630 1432 σκήπτρῳ
640 1351 743 1419 κόκκυξ.
925 1371 1042 1407 cusanos
1056 1371 1082 1407 v.
1093 1352 1212 1423 Hesych.
1232 1369 1261 1404 ν.
1273 1347 1429 1426 Ἑρμιόνη).
1441 1353 1555 1409 Prelier.
1566 1372 1621 1424 pro
1633 1349 1697 1426 ‘Ep-

153 1438 347 1518 Ἇριοτοτόλης]
369 1467 382 1492 ι
406 1438 719 1518 Γοιιο-Ἀριστορόνηςι
744 1442 879 1506 Wartoo5
926 1437 1015 1511 μιόνης
1028 1438 1113 1492 scribi
1126 1438 1186 1490 vuit
1203 1431 1303 1512 Ἥρας,
1318 1437 1446 1494 Grashoi.
1459 1441 1595 1509 proponit
1614 1438 1640 1493 ir
1663 1440 1696 1514 τῇ

118 1525 259 1602 Ἀριστείδης
272 1531 352 1600 conj.
362 1531 478 1585 Prelier.
488 1529 524 1584 ad
537 1530 681 1585 Polemon.
694 1545 726 1600 p.
737 1526 783 1601 59.
795 1529 883 1598 Equi·
926 1523 984 1602 cepi
995 1519 1081 1601 Ἥρας
1095 1520 1140 1578 καὶ
1152 1518 1210 1586 Διὸς
1218 1523 1294 1598 ἱερῶν
1304 1520 1434 1599 διατριόῇ.
1446 1525 1556 1578 Scilicet
1564 1543 1618 1596 pro
1630 1521 1697 1580 ἰδιώ-

119 1614 174 1670 dem
196 1613 362 1693 Ἀριστοκλῆς
384 1617 557 1690 reposuerim
585 1615 644 1688 (V.¹
665 1625 725 1670 not.
745 1614 782 1668 ad
806 1614 840 1666 sr.
865 1611 880 1667 5
925 1631 998 1686 τερον
1008 1611 1074 1666 cod.
1084 1611 1207 1665 Florent
1217 1605 1557 1685 Ιιαῐιεῑῆδιατριόῇ.-Ιιι
1568 1612 1698 1665 extremis

119 1703 275 1773 Aristonis).
290 1703 375 1758 Idem
393 1705 476 1758 etiam
491 1700 635 1758 Grashofio
655 1703 686 1754 in
700 1711 822 1754 mentem
836 1717 881 1754 ve·
927 1697 1030 1754 eodd.:
1044 1696 1106 1771 παρ’
1121 1692 1243 1773 Ἀργείοις
1251 1691 1279 1750 δὲ
1292 1696 1316 1751 οἱ
1334 1693 1486 1771 μέγιστοι...
1501 1692 1565 1751 rttt
1580 1695 1697 1772 ἄγαλμα.

118 1789 322 1862 οἱῑ(].]αόινὸ.
354 1789 428 1862 1829
448 1807 478 1862 p.
505 1788 591 1863 143).
610 1790 719 1842 Incerta
734 1797 826 1841 tamen
840 1805 883 1839 res
928 1785 1058 1839 Correxit
1071 1783 1305 1838 Hemsterhusius.

119 1951 160 2006 tur,
168 1961 226 1997 ιιιιιιο
234 1950 370 2011 appellatur
381 1953 485 2011 compr.
501 1953 573 1998 Porro
585 1949 624 1997 die
642 1951 686 1997 isto
701 1951 787 1997 torem
796 1948 880 1996 narret
925 1957 981 1992 vem
989 1945 1071 1992 statim
1080 1947 1173 1992 mutate
1182 1944 1259 1991 forme
1270 1946 1284 1992 J
1287 1957 1390 1992 urionem
1400 1943 1619 2005 comprehendisse,
1629 1945 1699 2005 eique

119 2025 224 2084 ῐιιςοιιιιιιι
241 2027 364 2074 excitasse
375 2028 541 2086 tempestatem
548 2044 556 2087 ;
576 2028 695 2073 iunonem
710 2028 790 2072 eutem
807 2022 881 2071 solam
926 2019 1010 2068 matris
1019 2032 1091 2068 muse
1103 2020 1258 2067 concubitum
1265 2009 1402 2080 depreianti
1412 2020 1547 2079 promisisse
1559 2033 1585 2068 se
1597 2033 1697 2068 uxorem

120 2101 146 2148 ad
156 2107 255 2151 montem
268 2103 339 2152 Ιιιιιιο
350 2105 485 2152 venientem
497 2103 631 2152 consedisse
642 2115 670 2150 eo
682 2103 750 2161 loeo,
763 2100 804 2150 ubi
816 2113 883 2148 nunc
926 2097 1001 2158 ipsam
1008 2093 1138 2143 ducturum
1146 2108 1205 2144 esse.
1217 2098 1298 2151 Quare
1308 2095 1372 2156 apud
1383 2095 1494 2156 Argivos,
1505 2097 1546 2156 qui
1557 2109 1606 2157 prne
1613 2096 1700 2144 ceteris

119 2180 149 2225 est
165 2178 240 2227 onom
258 2182 367 2228 iunonis
386 2179 513 2228 pronubo.
527 2181 595 2227 Tune
612 2179 726 2226 corutum
744 2179 883 2238 tempestate
927 2175 1019 2225 (ἑταιρία
1039 2173 1109 2224 deam
1129 2174 1308 2232 horreolum,
1328 2173 1422 2234 signnm
1442 2174 1544 2223 turonis
1563 2174 1587 2222 in
1606 2173 1697 2235 tempto

120 2253 220 2314 omen
228 2258 252 2304 et
260 2257 409 2304 semerom
425 2255 449 2303 io
464 2267 541 2315 genua
552 2256 653 2303 iunonis
665 2253 789 2302 devolasse
799 2253 882 2314 ibique
926 2252 1013 2302 throno
1030 2251 1135 2302 insidens
1145 2265 1218 2300 mann
1236 2253 1303 2301 tonet
1313 2252 1449 2313 sceptrum,
1462 2255 1603 2312 sceptroque
1614 2250 1699 2299 insidet

119 2329 245 2380 nnetsre
259 2335 387 2380 iunonem
403 2330 525 2380 mertam
535 2333 601 2380 reste
617 2343 672 2379 eum
682 2343 725 2378 sua
735 2330 829 2378 texisse.
841 2332 882 2378 to·
926 2329 1043 2380 cuculus:
