3834 5767
305 444 328 484 tt
883 412 1094 472 t‘RAEthto.

293 544 348 633 gia
365 564 443 607 mox
460 540 518 607 alii
538 564 621 607 suos
637 538 703 608 sihi
716 542 867 635 quisquc
885 541 1087 629 historicos,
1101 568 1255 639 quorum
1271 544 1436 638 reliquias
1449 562 1677 639 congererent

294 660 598 753 illustrarentquc,
625 659 835 753 selegerunt.
851 660 1005 733 Plurima
1025 666 1156 734 horum
1173 667 1403 761 repetivimus
1418 683 1453 736 et
1477 673 1677 738 retractari·

294 805 372 848 mus
393 780 428 849 in
458 784 673 873 biugmentt's
697 779 941 851 historicorum
974 790 1195 870 Girrcorum,
1222 812 1301 881 qua.
1334 788 1544 881 prodierunt
1581 771 1679 860 auno

293 904 527 971 MDCCCXLl.
545 898 682 968 Deinde
696 898 849 969 Ctesiam
864 904 974 971 lllusis
986 905 1177 992 llerodoti,
1191 930 1309 975 rerum
1323 906 1511 976 Alexandri
1531 910 1680 1002 scripto·

294 1047 347 1091 res
365 1021 523 1091 historiis
539 1021 692 1107 Arriani,
716 1038 1009 1115 argumentorum
1025 1025 1123 1097 ducti
1141 1026 1392 1113 similitudine,
1410 1028 1676 1121 subjunximus.

294 1144 457 1214 Restabat
475 1159 514 1212 ut
543 1142 670 1238 reliqui
689 1158 868 1231 auctores,
896 1147 956 1240 qui
979 1148 1197 1243 populorum
1228 1149 1484 1244 civitatumque
1510 1149 1678 1218 historias

194 1282 199 1291 '
293 1266 551 1351 condiderunt,
574 1244 832 1358 quadringenti
849 1288 1002 1335 numero
1022 1284 1057 1337 ct
1076 1267 1250 1363 amplius,
1277 1269 1385 1338 simili
1407 1270 1518 1338 modo
1536 1270 1677 1363 collige-

294 1402 427 1456 rentur.
460 1390 562 1481 Opus
587 1384 658 1455 hoc
675 1386 887 1454 Herculeum
913 1401 945 1454 et
968 1388 1075 1454 unius
1095 1386 1231 1455 viribus
1253 1386 1323 1456 sere
1352 1388 1466 1483 impar
1489 1390 1611 1458 nescio
1630 1414 1675 1457 an

294 1532 367 1578 non
384 1507 615 1576 debuerimus
637 1507 833 1601 suscipere,
855 1522 1060 1602 susceptum
1080 1507 1186 1576 semel
1200 1532 1266 1603 pro
1280 1508 1421 1577 roboris
1442 1509 1590 1579 modulo
1606 1536 1679 1578 sus·

294 1630 406 1699 tinere
420 1628 539 1697 annixi
557 1650 692 1695 sumus.

340 1752 460 1845 lgitur‚
471 1750 517 1819 ah
530 1748 756 1818 incunabulis
771 1749 855 1816 artis
865 1747 1042 1817 historicae
1056 1748 1333 1843 proficiscentes,
1346 1750 1473 1819 ordine
1482 1749 1675 1826 chronolo-

291 1874 369 1966 gico
394 1894 620 1941 recensemus
647 1870 835 1939 historicos
861 1894 924 1964 per
942 1885 1024 1939 octo
1043 1870 1292 1965 seculausque
1305 1870 1350 1939 ad
1366 1894 1480 1939 aevum
1500 1876 1675 1941 Constan-

293 1995 358 2063 tiui
378 1992 508 2086 Magni.
525 1992 705 2086 Deinceps
721 2014 761 2059 ex
783 1991 871 2059 serie
884 1991 1063 2059 literarum
1079 1994 1269 2086 scriptores
1287 1992 1509 2062 collocantur
1519 2017 1674 2087 quorum

291 2128 373 2183 auos
398 2128 451 2181 est
477 2112 656 2181 incertior.
680 2114 806 2180 Totum
835 2110 960 2179 hocin
990 2136 1118 2179 norem
1139 2112 1369 2182 distinximus
1389 2113 1512 2183 libros.
1538 2115 1676 2183 Priores

292 2248 472 2329 quattuor,
487 2231 656 2328 usquead
675 2230 853 2301 Ptolemai
869 2228 1090 2326 Philadelphi
1107 2248 1266 2327 tempora
1277 2237 1508 2329 pertinentes,
1522 2258 1565 2304 eo
1576 2236 1675 2331 quod

293 2380 389 2424 nuuc
409 2356 606 2424 emittimus
621 2352 804 2421 volumine
819 2351 1061 2421 continentur.
1089 2354 1236 2448 Reliqua
1255 2380 1326 2424 una
1347 2378 1429 2423 cum
1454 2356 1586 2425 tabulis
1613 2381 1677 2423 no·

293 2478 452 2562 minum,
474 2499 612 2561 rerum,
636 2490 841 2571 arretorum,
864 2473 1067 2558 titulorum,
1088 2490 1309 2571 temporum,
1332 2476 1483 2546 alterum
1498 2477 1598 2546 dabit
1616 2502 1676 2544 ro-

291 2598 429 2683 lumeu‚
449 2620 529 2664 mox
548 2595 652 2681 illud,
671 2594 808 2663 sareute
826 2598 918 2679 Deo,
936 2594 1209 2665 absolvendum.
1250 2594 1253 2597 ⁴

343 2720 460 2787 Primo
484 2714 636 2785 consilio
661 2740 772 2811 quum
791 2715 860 2785 hoc
877 2729 1016 2783 tantum
1040 2740 1239 2809 ageremus,
1271 2734 1453 2787 uteorum
1482 2721 1675 2813 fragmenta

290 2864 458 2935 operum,
471 2836 602 2933 quaead
617 2836 757 2905 civilem
767 2835 984 2930 populorum
1000 2832 1182 2904 historiam
1197 2837 1393 2931 pertinent,
1408 2838 1675 2923 exhiberentur,

291 2962 417 3055 inipso
432 2958 552 3027 labore
568 2958 714 3027 ulterius
724 2956 898 3051 progressi
912 2979 1036 3023 sumus
1054 2974 1229 3051 acpurter
1241 2958 1409 3028 historica
1424 2962 1528 3028 etiam
1541 2960 1675 3054 reliqua

290 3097 475 3151 auctorum
497 3094 701 3147 nostrorum
720 3079 849 3172 scripta
865 3100 938 3144 non
958 3074 1076 3146 solum
1093 3078 1349 3167 indicarimus,
1373 3080 1453 3166 sed,
1471 3080 1675 3175 uhioppor-

291 3218 418 3272 tunum
448 3216 537 3287 erat,
566 3200 670 3269 etiam
696 3199 957 3293 exscripsimus.
979 3198 1085 3281 Quod
1108 3215 1283 3292 quantum
1313 3201 1425 3270 valeat
1445 3201 1490 3270 ad
1513 3201 1674 3269 indolem

292 3319 573 3413 uniuscujusque
597 3318 778 3413 scriptoris
810 3318 967 3411 penitius
982 3321 1284 3415 perspiciendam,
1303 3323 1420 3392 dicere
1434 3321 1601 3418 putidum
1617 3323 1672 3390 sit.

341 3439 535 3521 Aristotelis
555 3438 723 3507 historica
744 3436 789 3506 ab
807 3437 875 3507 boc
893 3438 1076 3510 volumine
1101 3443 1373 3529 secluseramrrS‚
1395 3444 1566 3538 quoniam
1589 3466 1671 3537 per-

290 3563 448 3633 ditorum
463 3560 640 3630 librorum
652 3559 824 3653 fragmina
848 3562 1100 3655 superstitibus
1121 3565 1292 3659 operibus
1309 3566 1524 3659 subjungere
1542 3564 1675 3633 consti·

290 3698 408 3753 tutum
434 3696 517 3750 erat.
544 3682 674 3751 Verum
696 3704 809 3775 quum
831 3681 993 3775 Stagirita
1015 3697 1055 3753 ut
1080 3686 1118 3753 in
1143 3686 1289 3781 reliquis
1312 3686 1442 3774 literis,
1463 3688 1514 3755 sie
1534 3686 1571 3754 in
1599 3700 1675 3755 arte

293 3804 445 3875 historiar
463 3801 659 3873 scribendae
676 3800 776 3897 (quasi
798 3802 905 3872 cardo
925 3804 1071 3898 quidam
1092 3808 1155 3892 sit,
1174 3806 1324 3877 lectores
1342 3832 1431 3902 aegre
1448 3809 1672 3876 mentionem

290 3929 366 4022 ejus
378 3926 640 3997 desideraturos
658 3950 734 3995 esse
748 3927 831 4012 rati,
844 3925 1067 4020 postliminio
1081 3952 1160 4022 quar
1176 3927 1221 3997 ad
1235 3944 1393 3997 nostram
1412 3952 1486 3997 rem
1502 3927 1673 4009 facerent,

291 4048 580 4143 interposuimus.
620 4046 782 4117 Eundem
809 4046 986 4116 honorem
1025 4049 1132 4118 etiam
1158 4050 1343 4145 discipulis
1374 4049 1451 4143 ejus
1482 4050 1673 4144 praecipuis

290 4174 501 4258 habuimus,
529 4186 676 4266 excepto
704 4170 965 4265 Theophrasto,
990 4173 1048 4241 cui
1075 4194 1180 4240 suum
1206 4172 1393 4266 separatim
1419 4170 1588 4239 uolumen
1616 4193 1672 4237 re·

291 4308 455 4363 servatur.
471 4294 606 4387 Scripta
625 4317 702 4388 quae
715 4306 798 4359 sunt
815 4290 860 4360 de
875 4292 1046 4387 periegesi
1065 4291 1281 4386 antiquaria,
1300 4291 1480 4360 Pausaniae
1495 4292 1595 4385 operi
1613 4288 1673 4357 ad·
1695 4326 1699 4335 ·

290 4412 408 4484 denda
420 4412 578 4482 luissent.
594 4413 701 4498 Quod
719 4436 831 4507 quum
850 4413 1049 4507 neglectum
1064 4414 1126 4497 sit,
1142 4438 1184 4482 ae
1202 4413 1247 4482 de
1262 4412 1384 4481 multis
1404 4412 1507 4482 libris
1520 4413 1672 4481 omuino

291 4560 364 4605 non
380 4536 493 4630 possit
510 4535 681 4623 discerni,
698 4558 785 4603 num
800 4534 1052 4603 historicorum
1064 4558 1108 4602 an
1120 4534 1373 4627 periegetarum
1397 4558 1495 4609 more
1510 4548 1672 4602 auctores

291 4684 346 4730 res
373 4661 555 4731 civitatum
587 4661 829 4747 tractaverint,
853 4684 896 4728 an
924 4672 1116 4752 utrumque
1137 4678 1270 4722 munus
1294 4654 1517 4747 conjunctim
1538 4654 1672 4749 praesti·

293 4782 536 4866 terint,omuia
549 4807 627 4877 quae
637 4782 708 4851 huc
720 4780 961 4877 pertinentrel
972 4779 1149 4874 pertinere
1159 4790 1311 4869 possunt
1323 4774 1447 4861 rideri,
1459 4776 1670 4869 recepimus.

342 4908 508 4998 Superest
528 4918 567 4973 ut
584 4905 669 4998 grati
690 4902 921 4997 profiteamur
934 4900 1130 4997 plurimum
1145 4922 1212 4965 nos
1228 4898 1264 4966 iu
1278 4896 1533 4990 operosissimo
1547 4909 1671 4963 nostro

291 5026 411 5097 labore
431 5024 606 5118 adjuvisse
621 5026 715 5093 viros
731 5022 977 5118 doctissimOS,
999 5020 1060 5116 qni
1075 5018 1129 5087 vel
1148 5031 1261 5087 totum
1277 5016 1378 5085 huuc
1398 5018 1457 5110 qui
1478 5016 1523 5083 de
1551 5016 1671 5109 grecis

290 5144 467 5215 historicis
484 5158 534 5213 est
550 5144 665 5213 lorum
682 5142 919 5238 explicarunt,
936 5142 988 5211 rel
1004 5142 1195 5235 fragmenta
1208 5138 1417 5207 selectorum
1432 5134 1668 5231 quorumdam
