3834 5767
801 418 1051 478 FRAGMENTA.

125 538 170 596 καί
189 535 303 617 ίπῳδοὺς
321 540 431 594 καὶτῶν
449 535 508 613 περὶ
526 535 583 602 robe
602 535 801 615 κατοιχομένους
815 539 899 616 λόγοιν

123 625 169 682 ael
188 624 304 700 νομίμων
318 623 467 702 ἐμπείρους,
483 626 654 689 ἐπαιτοῦντας
666 624 710 682 καί
724 623 792 682 κατὰ
809 627 900 702 κώμας

124 711 171 769 καλ
183 712 283 777 πολοις·
294 709 352 776 τοὺς
370 709 398 768 δὲ
412 709 593 790 χαριεστέρους
611 713 662 768 τῶν
685 711 743 770 καθ’
760 711 822 792 ᾅδου
838 718 899 792 δρυ-

123 797 266 874 λουμίνιιιν,
291 797 340 855 ὅσα
368 797 437 856 δοκεῖ
455 795 519 876 πρδς
541 795 674 854 τῦοάὸειαν
697 797 742 854 καί
761 798 899 870 ὁσιότητα·

123 887 324 964 συμφιλοσοφεῖν
341 885 364 940 δ’
379 883 452 952 ίνίοις
463 881 507 941 καὶ
518 890 656 960 γυναῖκας,
671 883 836 963 άπιχομάνας
854 886 899 944 καὶ

123 971 202 1038 αὖτδις
215 971 376 1051 ἀφροδισίων.

164 1058 308 1137 Σαρμάνας
330 1058 459 1135 (iudicet
481 1077 623 1130 pramaace
640 1060 658 1112 i.
676 1077 702 1114 e.
720 1055 898 1136 ascetaelpro

125 1150 265 1226 Ιόιρμᾶνας
275 1149 433 1220 scripsimus
446 1165 510 1201 cum
522 1147 652 1202 Lassenio
662 1147 691 1200 in
707 1147 807 1205 illiciti.
821 1149 897 1205 Mas.

128 1235 214 1311 addi,
227 1245 255 1290 et
266 1233 485 1290 Schwaubeclio
502 1234 521 1288 l.
537 1234 599 1305 tp.
614 1233 661 1297 46.

488 1361 534 1420 tr.

164 1489 251 1546 Cleru.
268 1487 348 1544 Alex.
364 1486 468 1542 Strom.
484 1487 513 1554 I,
533 1504 562 1558 p.
581 1483 678 1540 3051)
697 1487 756 1542 Col.
768 1505 776 1555 ς
788 1505 817 1558 p.
835 1485 898 1554 132,

125 1595 142 1630 a
163 1575 238 1648 Sylb.
255 1572 306 1645 (ex
323 1591 414 1645 eoque
429 1573 563 1627 Eusebius
581 1575 613 1628 P.
632 1574 664 1630 E.
681 1573 739 1640 IX,
753 1591 783 1646 p.
800 1569 897 1648 troi:

124 1658 295 1736 Μεγασθένης
321 1660 335 1715 δ
357 1654 553 1736 συγγραριίιςὸ
580 1653 701 1736 Σελεύκῳ
714 1661 751 1734 τῷ
773 1655 900 1734 Νικάτορι

124 1744 310 1822 συμὸεδιωιιδις
330 1747 356 1802 ἐν
374 1748 407 1823 τῇ
427 1744 501 1822 τρίτῃ
521 1746 573 1801 τῶν
592 1743 707 1804 Ἰνδυιῶν
726 1735 777 1802 ὦδε
795 1743 897 1824 γράριι·

124 1863 137 1885 ι
148 1831 267 1892 Ἅπαντα
286 1831 372 1908 μίντοι
385 1831 419 1889 τά
433 1832 493 1909 περὶ
507 1829 605 1912 piceos<
620 1831 743 1910 ιίρημίνα
757 1831 830 1910 παρίι
847 1831 899 1896 τοῖς

124 1919 243 2000 ἄρχαίοις
253 1917 356 1995 λάγιτοιι
364 1917 409 1976 καί
422 1917 494 1997 παρά
505 1921 557 1984 τοῖς
571 1917 620 1985 ἔξω
630 1923 676 1990 ᾗς
687 1917 814 1984 Ἑλλάδος
824 1921 899 1998 φιλο-

124 2011 246 2086 capnios,
263 2004 297 2062 τά
311 2004 358 2080 μίν
370 2007 433 2082 παρ’
446 2005 535 2072 Ἰνδοῖς
548 2006 599 2062 ὑπὸ
610 2008 661 2062 τῶν
674 2004 851 2083 Βραχμάνων,
866 2003 898 2062 τά

125 2093 153 2151 δὲ
168 2095 194 2151 ίν
208 2098 240 2172 τῇ
253 2091 335 2172 Συρίρ
350 2091 400 2150 ὑπὸ
413 2095 464 2150 τῶν
475 2091 641 2168 καλουμένων
656 2091 821 2151 Ἰουδαίων.»

165 2185 232 2254 Quae
241 2183 341 2256 jungas
354 2182 447 2237 verbis
455 2182 599 2238 Strabonis
613 2178 728 2256 (salto)
743 2179 822 2258 :arpi
834 2181 900 2237 πολ-

123 2270 178 2325 λῶν
192 2266 219 2325 δί
231 2263 419 2335 τοῑςἘλληοιν
428 2265 567 2341 ὁμοδοξεῖν.
579 2267 685 2323 Eadem
696 2269 780 2322 etiam
795 2265 826 2340 (e
838 2270 900 2324 Cle-

124 2355 237 2429 mente)
251 2355 331 2412 affert
342 2354 462 2428 Cyrillus
471 2357 501 2412 C.
516 2355 617 2410 Julian.
627 2357 674 2423 lv,
686 2373 716 2428 p.
735 2354 799 2409 136.
816 2357 900 2410 Paris.

129 2442 222 2512 1638,
238 2443 287 2498 sed
300 2460 448 2516 perperam
460 2460 516 2516 pro
529 2441 705 2516 Megasthene
716 2441 811 2498 laudat
825 2443 898 2498 One·

126 2531 263 2586 sicritum.

169 2618 209 2675 ct.
222 2619 348 2674 Clemens
356 2619 376 2672 l.
387 2619 407 2672 l.
418 2635 449 2690 p.
462 2615 529 2686 305,
539 2619 565 2672 D
575 2617 636 2674 Col.
650 2636 656 2670 ι
669 2613 760 2673 Διττδν
771 2611 901 2672 birodeins

124 2703 156 2762 τὸ
178 2704 263 2780 γάνος·
277 2706 301 2761 οἱ
316 2701 363 2776 μίν
384 2705 523 2780 Σαρμᾶναι
542 2702 638 2777 αὐτῶν,
653 2705 676 2759 οί
697 2701 725 2760 δὲ
743 2705 901 2782 Βραχμᾶναι

125 2790 295 2866 καλούμενοι·
310 2790 355 2847 καί
369 2793 420 2847 τῶν
439 2791 587 2867 Σαρμανῶν
600 2791 623 2847 ol
638 2787 755 2848 Ὑλόὸιοι
771 2810 902 2869 προσαγο-

126 2876 260 2956 ρευόμενοι
277 2876 336 2934 οὔτε
355 2876 441 2942 πόλεις
459 2878 571 2934 obstes
590 2875 649 2934 οὔτι
669 2875 762 2953 οτίγας
781 2875 901 2955 ἔχουσιν,

125 2951 236 3043 δίνδρονν
249 2962 277 3021 dl
291 2959 473 3040 δμφιίννυνται
485 2964 595 3042 φλοιοῖς,
606 2962 650 3020 καί
662 2961 791 3046 ἀκρόδρυα
804 2968 898 3021 οιτοῦν·

126 3071 171 3114 ,ται
185 3049 229 3108 καί
239 3049 307 3129 ὕδωρ
318 3053 375 3116 ταῖς
388 3049 464 3130 χερσί
475 3049 603 3112 πίνουσιν·
618 3051 647 3107 οὗ
661 3049 754 3126 γάμον,
768 3051 796 3107 οὗ
810 3051 902 3108 παιδο·

126 3137 216 3196 ποιίαν
227 3137 324 3213 ἴσασιν,
336 3136 437 3216 [ὥσπερ
448 3138 472 3194 οἱ
484 3136 721 3215 νῦν.Ἐγιιρμτ·ηταὶ
732 3134 900 3212 καλούμενοι,

126 3225 178 3283 elci
193 3224 220 3284 δλ
234 3229 284 3283 τῶν
304 3225 393 3285 Ἰνδῶν
405 3227 428 3282 oi
441 3225 494 3292 τοῖς
513 3222 615 3284 botua
633 3223 780 3299 πιιθόμενοι
799 3245 903 3302 παραγ·

126 3311 267 3391 γίλμασιν,
279 3313 307 3371 δν
317 3313 348 3370 δι’
359 3310 504 3392 ὑπτρὸολὴν
516 3310 671 3388 σεμνότητος
681 3315 715 3378 ὡς
726 3310 782 3370 θεὸν
793 3311 903 3387 τετιμή-

127 3401 219 3478 κατι]

169 3491 274 3546 Eadem
289 3501 316 3545 et
336 3491 389 3545 alia
400 3489 526 3562 quaedam
548 3489 583 3545 de
595 3490 827 3557 brachmanibus,
843 3508 904 3562 qua

1660 433 1717 480 etr

942 541 1185 595 Schwanbechius.
1196 542 1326 596 Ceterum
1338 559 1404 595 uum
1418 541 1556 596 Sannanae
1569 543 1624 596 sint
1639 544 1717 598 Bud-

943 625 1035 680 dhaici
1053 644 1154 695 necne,
1169 629 1241 681 inter
1261 627 1337 680 viros
1357 644 1453 680 rerum
1472 627 1633 684 Indicarum
1646 632 1720 700 peri·

944 713 1060 768 tissimus
1068 714 1275 766 non-conaenit.
1287 715 1330 768 lle
1339 712 1391 766 hae
1399 732 1428 769 re
1438 714 1475 768 ita
1484 713 1718 770 Schwanbechins

943 817 973 870 p.
994 817 1027 866 17
1045 817 1052 852 ε
1066 822 1078 846 ι
1091 800 1246 872 Diligenter
1256 800 1369 854 alteram
1382 801 1544 854 seutentiam
1558 801 1719 870 Bohlenius,

942 885 1086 938 Lasseuius
1097 885 1212 939 alteram
1236 903 1299 939 eum
1314 902 1359 954 ea,
1372 902 1427 956 qua
1440 885 1526 954 solet,
1548 885 1677 942 doctrina
1691 901 1719 964 et

948 973 1075 1026 omnium
1087 988 1183 1026 rerum
1192 973 1440 1044 circumspectione
1452 972 1578 1027 defendit
1590 971 1718 1046 (Bohlen.

946 1061 989 1114 De
1003 1058 1182 1114 Buddbaismi
1197 1061 1306 1133 origine
1325 1069 1353 1113 et
1367 1069 1446 1113 aetate
1455 1058 1636 1128 definiendis,
1651 1065 1721 1117 Les·

942 1165 1002 1205 sen.
1017 1149 1060 1203 De
1072 1148 1250 1219 nominibus,
1271 1147 1372 1218 quibus
1392 1165 1408 1201 a
1426 1147 1567 1202 veteribus
1577 1151 1719 1221 appellan-

944 1243 991 1287 tur
1011 1235 1150 1291 ludorum
1173 1235 1345 1308 philosophi.
1369 1234 1471 1290 iiheiu.
1488 1236 1565 1291 Mas.
1587 1236 1672 1305 1833,
1689 1257 1719 1310 p.

947 1321 1128 1396 171-190.)
1142 1322 1305 1389 B0hlenius,
1331 1331 1364 1373 ut
1390 1323 1585 1376 Sermanarum
1606 1324 1721 1376 nomine

943 1407 1121 1463 Buddhaicos
1141 1405 1290 1482 significari
1312 1407 1455 1475 ostendat,
1482 1409 1574 1480 primo
1598 1410 1719 1463 nominis

943 1506 1109 1568 argumento
1124 1495 1213 1548 utitur
1229 1512 1236 1546 t
1258 1495 1454 1548 Sarmauarum
1470 1495 1544 1548 enim
1557 1513 1663 1548 nomen
1677 1515 1720 1549 re·

943 1581 1083 1654 spondere
1095 1580 1164 1636 dicit
1177 1592 1235 1636 trun
1248 1583 1387 1635 sanseritae
1406 1583 1469 1634 voci
1484 1578 1642 1651 ρναπιανιά,
1665 1598 1721 1653 qua

942 1667 1099 1722 Buddhaici
1108 1667 1292 1740 appellentur,
1304 1679 1364 1721 tum
1376 1667 1482 1721 nomini
1492 1667 1649 1739 Σαμαναῖοι,
1662 1686 1719 1738 quo

943 1755 1032 1809 verbo
1053 1773 1086 1809 ex
1105 1753 1198 1809 Palica
1216 1772 1286 1808 voce
1305 1773 1454 1808 sarruaaaa
1468 1755 1502 1820 (i.
1519 1773 1544 1810 e.
1561 1751 1718 1825 prarncui'a)

944 1841 1067 1896 formato
1093 1841 1164 1914 quin
1180 1840 1269 1896 Graeei
1291 1841 1473 1896 Buddhaicos
1490 1837 1721 1914 significaverint,

945 1929 1016 1983 nihil
1030 1929 1212 1983 dubitationis
1222 1927 1317 1984 habet.
1359 1929 1465 1983 Contra
1479 1927 1550 1988 dixit
1562 1929 1718 1996 Lassenius,

944 2011 1088 2087 prnmaa'n
1109 2033 1169 2069 non
1189 2014 1278 2068 modo
1300 2013 1483 2083 Buddhaicis,
1506 2015 1555 2070 sed
1576 2017 1722 2089 saepissime

945 2103 1030 2159 etiam
1046 2103 1208 2157 Brahmanis
1221 2101 1347 2156 attribui.
1365 2101 1422 2156 Sed
1436 2103 1495 2174 ipse
1506 2120 1581 2156 nunc
1594 2121 1658 2156 cnm
1673 2120 1720 2169 ea,

945 2207 1002 2262 qua
1012 2199 1066 2258 est,
1080 2189 1252 2243 humanitate
1265 2207 1375 2243 mecum
1393 2189 1610 2243 communicavit
1622 2191 1655 2244 V.
1670 2191 1719 2254 D.‚

944 2289 1043 2330 vocem
1057 2273 1201 2347 pramnn'a
1218 2285 1389 2348 perpetuum
1402 2275 1630 2330 Buddbaieoram
1645 2295 1721 2329 asee-

946 2371 1038 2417 tarum
1050 2381 1167 2430 nomen,
1177 2362 1428 2436 Brahmanieorum
1439 2363 1606 2422 rariusesse.
1622 2366 1720 2434 ltaque

945 2448 1001 2503 boc
1017 2448 1146 2504 Bohlenii
1164 2458 1373 2521 argumentum,
1393 2449 1444 2504 etsi
1462 2447 1498 2501 ad
1518 2447 1720 2520 expediendam

944 2552 1005 2590 rem
1016 2553 1076 2590 nou
1088 2533 1206 2602 sufficit,
1223 2545 1316 2590 tamen
1327 2553 1387 2591 nou
1398 2532 1542 2588 infirmum
1556 2546 1660 2590 manet.

986 2646 999 2670 ι
1009 2621 1129 2676 Addidit
1140 2619 1243 2676 deinde
1251 2621 1396 2678 Lassenius
1406 2621 1478 2675 banc
1492 2622 1655 2675 sententiam
1669 2639 1676 2674 ι
1690 2622 1723 2676 Si

945 2728 1022 2764 nsum
1032 2716 1169 2782 utriusque
1188 2709 1319 2764 vocabuli
1337 2709 1416 2780 apud
1430 2720 1538 2762 veteres
1559 2715 1719 2780 respexeris,

946 2801 1066 2855 invenies
1086 2798 1163 2850 νιιιὶΙο
1176 2814 1289 2869 prorsas
1307 2797 1365 2850 loeo
1387 2814 1470 2849 unum
1485 2815 1541 2869 pru
1557 2797 1723 2867 altempoai

946 2895 999 2938 cut
1014 2889 1128 2940 invicem
1148 2889 1303 2956 permutari
1326 2901 1336 2938 .·
1359 2888 1436 2953 cujas
1460 2887 1625 2936 constantiae
1647 2895 1723 2940 certa

945 2974 1075 3046 quiedam
1082 2989 1170 3025 cansa
1177 2987 1236 3024 esse
1245 2967 1335 3025 debet.
1345 2967 1430 3040 Quod
1441 2979 1635 3042 argumentum
1646 2967 1723 3022 haud

945 3061 1004 3114 scio
1023 3077 1060 3113 an
1082 3058 1254 3129 aliquantum
1273 3054 1411 3110 firmitatis
1430 3055 1543 3112 habeat.
1584 3056 1723 3110 Sarmanae

947 3147 1022 3200 enim
1034 3145 1078 3200 bis
1091 3155 1212 3210 tautum,
1233 3143 1381 3210 Samanaei,
1399 3143 1451 3196 nisi
1464 3142 1557 3210 fallor,
1575 3143 1723 3215 quinquies

946 3252 964 3288 a
974 3233 1075 3290 Graecis
1084 3232 1274 3304 Romanisque
1283 3231 1466 3303 scriptoribus
1474 3231 1604 3296 omnibus
1615 3248 1723 3291 inemo·
1792 3291 1804 3308 .

947 3330 1053 3375 rantur.
1065 3317 1230 3390 (bardesan.
1242 3335 1287 3390 ap.
1297 3317 1436 3389 Porphyr.
1449 3321 1492 3373 De
1502 3318 1602 3372 abstin.
1613 3320 1659 3384 lv,
1675 3335 1722 3386 17,

947 3407 1034 3463 Clem.
1048 3406 1127 3461 Alex.
1140 3405 1244 3459 Strom.
1255 3405 1279 3458 l.
1294 3401 1360 3470 305,
1373 3403 1487 3476 Origen.
1501 3403 1604 3474 Contra
1615 3404 1724 3459 Celsum

947 3495 961 3548 1
984 3491 1029 3547 ed.
1043 3492 1180 3560 Delarue,
1193 3491 1277 3546 Paris.
1296 3489 1380 3560 1733,
1396 3499 1417 3542 t.
1434 3491 1457 3557 l,
1471 3508 1500 3562 p.
1517 3489 1589 3555 343,
1604 3491 1725 3547 Alexan-

127 3597 164 3632 ex
176 3588 256 3650 parte
267 3577 381 3632 sortasse
398 3577 434 3632 ad
447 3577 651 3650 Megasthenem
665 3575 811 3632 reserenda
824 3587 903 3644 sunt,
948 3578 1000 3634 der
1011 3579 1145 3650 Polyhist.
1156 3596 1202 3651 ap.
1215 3578 1313 3649 Cyrill.
1325 3578 1429 3640 Contra
1438 3579 1543 3632 Julian.
1553 3579 1601 3644 lv,
1613 3597 1641 3650 p.
1658 3577 1722 3643 133,

127 3667 229 3736 habes,
244 3684 289 3738 ap.
309 3664 580 3738 Pseudophilosoph.
605 3669 653 3732 at,
666 3663 725 3721 vol.
745 3666 769 3732 l,
793 3682 822 3736 p.
848 3671 902 3736 904
948 3666 981 3719 E.
991 3664 1036 3721 ed.
1044 3664 1130 3722 Paris.
1143 3662 1228 3731 1638,
1240 3663 1464 3738 llieronym.,hd
1473 3665 1613 3732 Joviriian.
1625 3666 1664 3726 11.
1677 3664 1723 3718 ed.

128 3751 216 3810 Paris.
236 3751 318 3821 1733.
335 3782 371 3794 -
384 3749 468 3824 Apud
480 3751 648 3807 Clementem
662 3751 747 3807 codd.
763 3769 816 3824 pro
831 3747 905 3806 Ὑλό-
948 3753 1035 3808 Paris.
1054 3751 1145 3820 1706,
1159 3763 1179 3807 t.
1195 3752 1238 3818 11,
1251 3762 1325 3822 part.
1343 3769 1377 3817 a,
1389 3767 1418 3822 p.
1433 3748 1511 3824 nod.)
1529 3752 1583 3821 Qui
1597 3753 1725 3816 numeri,

129 3837 182 3896 ὅιοι
192 3840 320 3913 praebent
331 3835 473 3913 Ἀλλόάιοι,
492 3837 571 3911 qnod
591 3857 608 3893 e
625 3839 763 3894 Strabone
784 3834 920 3892 correxit
949 3840 973 3892 si
984 3839 1154 3910 scriptorum
1167 3837 1258 3893 sontes
1270 3839 1451 3910 exquisiveris
1461 3879 1469 3906 ,
1480 3837 1516 3904 ad
1529 3849 1584 3892 tres
1593 3837 1726 3911 redigen·

127 4000 351 4064 queconpturibus
366 3999 594 4050 simiiiaeosdiccre
607 4017 613 4048 ι
626 4001 708 4049 texere
726 3997 904 4049 etiamiabutas
946 3999 1128 4060 cataplasmata,
1146 3997 1212 4060 quod
1237 4001 1317 4052 cetera
1341 3997 1452 4056 maleficii
1469 4010 1517 4048 nou
1539 4000 1586 4054 siut
1610 3999 1724 4064 expertia.

127 4078 260 4141 quasdam,
272 4075 475 4140 quemadmodum
485 4077 566 4134 Plato.
580 4075 610 4125 de
617 4075 796 4125 immortalitate
803 4075 903 4135 animae,
948 4077 1024 4137 Atque
1033 4077 1086 4124 tum
1096 4075 1140 4123 hos
1151 4077 1205 4142 tum
1215 4074 1268 4140 ilios
1276 4076 1302 4126 in
1313 4075 1435 4124 laboribus
1446 4077 1471 4124 et
1479 4077 1605 4124 tolerantia
1614 4078 1726 4124 constan-

128 4161 155 4206 et
163 4156 193 4206 de
203 4155 296 4217 iiidicils
306 4167 363 4218 que
371 4154 436 4216 apud
446 4155 534 4204 interos
545 4153 650 4212 tirohet
658 4153 704 4203 alia
712 4152 848 4215 hujusmodi
855 4167 903 4202 non
947 4153 1005 4202 tiam
1021 4166 1133 4203 exercere
1138 4189 1146 4216 ,
1163 4153 1225 4213 adeo
1236 4156 1264 4201 ut
1281 4167 1323 4216 per
1335 4156 1413 4202 totam
1432 4154 1494 4203 diem
1515 4155 1538 4203 in
1558 4155 1642 4204 eodem
1659 4158 1727 4216 gestu

128 4247 214 4299 pauca.
248 4241 282 4284 Αο
294 4233 325 4284 de
337 4233 524 4284 brachmanibus
534 4231 631 4294 quidem
641 4233 765 4282 hactenus.
948 4228 1041 4277 immoti
1052 4229 1212 4296 perseverent.
1225 4219 1350 4294 Alios'oese
1361 4229 1477 4291 quosdam
1493 4228 1638 4278 divinatores
1648 4230 1727 4278 incan-

161 4315 379 4362 Sarmannrnmeos
390 4308 904 4370 honoratissimosnit,quiltylobiii·ocantur
947 4309 1085 4368 tutoresque
1097 4309 1123 4354 et
1142 4307 1232 4355 ntourn
1249 4309 1274 4355 et
1295 4319 1448 4369 sermonum,
1460 4308 1501 4370 qui
1523 4309 1585 4356 cirea
1603 4308 1727 4375 defunctos

128 4403 161 4438 ex
172 4401 215 4449 co,
228 4387 295 4449 quod
313 4389 338 4436 iu
348 4386 421 4438 silvis
434 4385 539 4447 degunt,
558 4397 572 4434 e
585 4385 703 4434 {mutibus
715 4387 740 4435 et
757 4385 904 4435 silvestribus
947 4387 1019 4444 sant,
1030 4384 1188 4444 aurigarios,
1198 4384 1305 4432 errantes
1321 4396 1364 4445 per
1380 4384 1446 4433 vicos
1462 4386 1487 4434 et
1504 4385 1583 4432 urbm.
1597 4385 1660 4433 Alios
1670 4398 1727 4433 rem

129 4467 247 4518 tractibus
257 4467 372 4524 viventes,
383 4468 473 4514 vestem
481 4477 512 4514 ex
521 4463 634 4512 arbomm
644 4463 772 4512 corticibus
780 4464 903 4524 habentes,
948 4461 985 4513 bis
995 4460 1149 4522 urgentiores
1163 4462 1236 4522 atquc
1250 4460 1402 4521 urbaniores,
1418 4463 1460 4524 qni
1475 4475 1559 4512 eorum
1577 4477 1632 4525 quae
1642 4462 1672 4512 de
1689 4465 1727 4512 in·

128 4543 439 4604 vinietrenerieexpertes.
472 4543 521 4590 lios
530 4552 586 4588 cum
596 4539 690 4601 regibus
697 4538 727 4588 de
736 4540 813 4589 causis
825 4553 905 4590 rerum
948 4537 1004 4586 ieris
1022 4541 1188 4596 memorantur
1204 4540 1229 4585 et
1243 4550 1298 4598 qua
1315 4536 1346 4585 ad
1371 4540 1483 4599 pietatem
1500 4540 1728 4602 sanctimoniamque

128 4619 332 4682 interrogantibus
345 4631 387 4681 per
404 4617 500 4666 nuntios
511 4615 630 4678 colloqui,
642 4619 666 4666 et
679 4629 721 4678 per
733 4617 786 4665 illos
796 4616 877 4665 divina
890 4629 905 4664 a
948 4613 1076 4675 pertinent,
1089 4613 1157 4676 periti
1170 4612 1225 4661 sint.
1241 4615 1304 4662 cum
1314 4613 1436 4663 nonnuliis
1445 4617 1556 4665 mulieres
1566 4630 1664 4678 quoque
1673 4617 1726 4678 phi·

129 4699 226 4760 regibus
237 4695 424 4758 eotietptecari.
468 4697 523 4744 Post
532 4693 651 4744 silvicolas
661 4693 686 4742 in
698 4693 790 4744 honore
801 4693 906 4744 medens
949 4691 1092 4753 tosopharia
1105 4691 1212 4742 venereis
1225 4691 1283 4752 item
1294 4691 1449 4740 abstinentes.

128 4789 195 4836 mse,
208 4774 290 4835 inqui
306 4773 370 4822 eirca
381 4771 502 4845 bominem
518 4769 723 4832 philosophentur,
739 4770 906 4832 imgalesqui·
1312 4776 1356 4843 ⁴¹:

129 4855 202 4914 dem,
213 4866 260 4902 non
270 4855 351 4901 tarem
361 4850 407 4900 snb
418 4850 475 4899 divo
488 4849 614 4912 degentes,
626 4861 697 4910 oryza
708 4850 733 4897 et
742 4849 817 4897 terina
827 4849 906 4898 viven-
984 4854 1145 4915 tteqasttieuee
1151 4854 1305 4903 historiarum
1312 4851 1421 4916 scriptor,
1431 4857 1472 4917 qui
1480 4868 1535 4903 com
1542 4855 1642 4904 seleuco
1656 4857 1724 4906 Nica-

129 4937 180 4993 tcs,
199 4945 254 4994 quae
269 4943 340 4980 nemo
351 4927 591 4992 rogatusetbospitio
610 4939 652 4976 eos
666 4927 785 4991 excipiens
796 4940 844 4988 non
859 4928 907 4977 lar·
952 4933 1004 4978 tore
1023 4930 1096 4990 vixit,
1106 4931 1167 4979 tibro
1184 4931 1255 4980 tertio
1271 4935 1307 4995 De
1320 4933 1391 4980 rebus
1406 4932 1519 4981 indorum
1535 4933 1617 4981 scribit
1629 4933 1692 4980 tione
1702 4931 1727 4980 ta

129 5012 217 5072 pietur·
250 5012 372 5059 Possem
388 5007 461 5056 ellam
480 5003 594 5055 secundm
613 5004 702 5066 fetere,
715 5005 739 5052 ei
760 5003 862 5060 martum
885 5009 908 5054 et
952 5007 1059 5056 modum
1078 5027 1089 5048 ι
1102 5011 1259 5068 Quocunque
1277 5007 1307 5055 de
1328 5021 1408 5057 rerum
1420 5011 1507 5056 natura
1520 5009 1552 5056 ab
1571 5009 1675 5069 antiquis
1689 5009 1726 5055 ‹ti-

130 5087 273 5136 seminarum
294 5083 479 5147 procreationem
499 5080 677 5130 medicamentis
694 5083 814 5143 praestare.
857 5083 908 5130 tte·
952 5087 1050 5143 cuntur,
1064 5082 1147 5130 eadem
1159 5083 1231 5131 etiarn
1252 5083 1322 5131 abiis
1338 5084 1500 5145 pbilosophis,
1517 5085 1558 5144 qui
1571 5089 1639 5132 extra
1657 5088 1726 5134 Gra·-

129 5163 233 5213 dirinam
244 5162 369 5224 plurimam
387 5174 428 5222 per
439 5160 504 5208 cibos
515 5158 610 5220 perlici,
619 5171 668 5208 non
686 5161 766 5211 autem
780 5172 821 5222 per
837 5159 909 5211 medi·
952 5161 1013 5208 ciam
1032 5161 1102 5217 sunt,
1120 5159 1245 5218 docentur,
1261 5159 1347 5218 partim
1361 5173 1375 5205 a
1396 5160 1583 5208 brachmanibus
1598 5159 1726 5216 indorum,

130 5243 241 5292 sarriente
255 5260 260 5288 ι
274 5254 303 5288 οι
319 5236 496 5288 medicamentis
515 5237 619 5287 maxime
634 5237 757 5286 unctiones
775 5237 869 5298 pirotiari
886 5241 908 5286 et
953 5238 1039 5300 partim
1049 5252 1062 5286 a
1072 5237 1252 5298 tudnissyriic.
1263 5253 1277 5278 ν
