3834 5767
215 375 270 424 tte
786 355 1014 416 tntstoxsttt
1035 353 1245 416 TARENTlNl

212 491 291 560 αὐτήν
308 489 394 568 μέντοι
407 486 453 557 τήν
470 483 619 560 ίπιθυμίαν,
633 483 756 564 θπιφοράν
771 506 828 541 τινα
840 488 885 554 τῆς
900 489 986 564 ψυχῆς
1031 507 1107 550 σκους
1117 485 1168 550 τοῖς
1174 489 1221 554 τῆς
1227 485 1325 551 πόλεως
1336 483 1406 543 lessi
1416 506 1445 542 τε
1456 483 1501 541 καὶ
1511 482 1599 559 νόμοις
1609 484 1801 561 γυμνάζεσθαι·

211 579 254 633 καὶ
274 577 366 654 ὁρμὴν,
388 574 433 631 καί
452 571 532 650 ὄρεξιν
550 563 614 629 είναι
632 563 790 650 πληρώσεως
808 567 824 638 ἣ
844 573 986 649 παρουσίας
1030 568 1087 635 rob<
1102 570 1128 628 δέ
1145 569 1239 642 ἀνδρας
1248 578 1306 634 ταῖς
1315 567 1424 648 πράξεσί
1437 592 1465 626 τε
1478 569 1524 626 καὶ
1536 571 1675 652 δημοσίαις
1686 573 1801 651 λειτουρ-

211 663 368 734 ιιίσθήσεως,
387 659 404 730 ἢ
424 657 557 722 κενώσεως
581 657 625 714 καί
646 655 788 730 ἀπουσίας,
813 657 922 715 καὶτοῦ
947 657 985 732 μή
1030 656 1098 731 γίαις
1117 656 1266 736 προσέχειν·
1289 655 1348 722 τοὺς
1367 655 1395 714 δέ
1415 654 1563 736 πρεσδθτας
1584 658 1741 734 ένθυμήσεσι
1761 663 1803 716 καὶ

212 750 388 808 αἰσθάνεσθαι.
409 744 566 821 Ἐπιθυμίας
579 743 606 802 δί
622 742 809 820 ήμαρτημίνης
820 765 848 800 τε
862 743 907 800 καί
918 744 984 823 peti·
1030 743 1170 822 κριτηρίοις
1186 743 1231 801 καὶ
1244 741 1416 820 συμδουλίαις
1427 745 1480 801 δεῖν
1491 744 1727 824 έναναστρέφεσθαι
1739 746 1804 821 μετδ

211 838 258 906 λης
272 835 331 914 τρία
350 825 416 890 εἶναι
435 831 490 902 είδη
504 830 537 888 τά
552 827 745 906 γνωριμώτατα
762 829 830 906 (ήδη
843 828 877 885 τά
892 829 985 907 γνωρί·
1030 831 1116 900 πάσης
1129 829 1273 907 ε’πιστήμης
1289 829 1487 905 θπελάμδανον,
1501 829 1572 896 ὅπως
1586 832 1653 906 μήτε
1673 835 1699 890 οἱ
1717 836 1804 896 παῖδας

211 943 299 997 σματα
323 923 388 978 eod.
418 922 481 978 Par.
508 925 560 988 A„
579 919 616 974 ud
638 917 762 992 uturp),
786 913 985 992 ἀσχημοσύνην,

213 1007 399 1086 ἀσυμμετρίαν,
409 1005 528 1082 ἀκαιρίαν
538 1028 544 1041 ·
554 1001 571 1074 ἢ
580 1001 630 1079 γάρ
642 1003 747 1061 αὐτόθεν
758 993 878 1070 εἶναιτὴν
896 1003 987 1058 ίπεθυ·

211 1095 272 1168 μίαν
294 1093 432 1173 ἀσχήμονά
455 1115 483 1149 τε
509 1091 553 1150 καί
583 1088 706 1170 φορτικὴν
736 1088 782 1145 καὶ
803 1085 985 1164 ἀνελεύθερον·

211 1181 228 1250 ἢ
242 1186 318 1239 τοῦτο
333 1180 379 1256 μὲν
398 1178 446 1251 οὗ,
467 1179 636 1258 σφοδρότερον
651 1176 677 1233 δέ
691 1174 737 1233 καί
756 1175 926 1254 χρονιώτερον
939 1178 985 1232 τοῦ

210 1269 400 1348 προσήκοντος·
418 1265 434 1335 ἢ
451 1266 538 1344 τρίτον
551 1264 613 1343 πρὸς
636 1267 735 1332 ταῦτα,
754 1262 797 1319 ἀπε
811 1263 840 1320 οθ
862 1262 918 1334 δεῖ,
941 1260 986 1318 καί

212 1354 274 1434 πρθς
291 1356 348 1413 tot
363 1355 412 1413 δεῖ.

250 1447 358 1501 Locum
372 1445 402 1496 in
415 1459 464 1496 sua
473 1441 611 1496 transtulit
630 1439 776 1494 lnmhlieh.
791 1441 824 1494 V.
841 1440 871 1494 P.
886 1439 902 1510 §
915 1436 986 1506 205,

211 1548 358 1604 suppresso
373 1529 487 1582 nomine
501 1529 631 1582 auctoris.

562 1637 593 1686 ιη
612 1637 637 1673 a.

252 1719 376 1775 Stobaeus
394 1715 524 1786 Florileg.
544 1715 576 1782 V,
595 1729 653 1780 70:
675 1711 726 1770 Ἐκ
743 1715 793 1768 τῶν
814 1708 986 1786 Ἀριστοξένου

213 1803 399 1878 Πυθαγορικῶν
410 1799 571 1877 ἀποφάσεων.
586 1829 624 1841 -
635 1797 693 1866 Τήν
705 1799 788 1868 ἀληθῆ
798 1795 949 1874 φιλοκαλίαν
962 1797 987 1852 έν

212 1897 265 1954 τοῖς
279 1885 467 1958 ίπετηδεύμασε
477 1885 521 1942 καὶ
535 1887 560 1941 έν
571 1885 627 1948 ταῖς
644 1882 799 1957 ίπισιήμαις
812 1881 898 1958 ἔλεγεν
909 1867 987 1940 ε’ίναι·

214 1975 243 2033 τδ
257 1973 308 2052 γάρ
332 1977 434 2050 ἀγαπᾶν
449 1971 494 2030 καὶ
512 1969 628 2048 στέργειν
648 1973 698 2028 τῶν
716 1973 803 2028 καλῶν
821 1971 883 2027 ἐθῶν
900 1968 988 2026 τεκαὶ

213 2059 424 2134 ίπιτηδευμάτων
439 2056 566 2134 ἀπάρχει,
579 2057 703 2122 ώσαύτως
714 2055 740 2114 δί
754 2055 798 2114 καὶ
814 2058 865 2112 τῶν
879 2057 987 2124 ίπιστη-

214 2149 270 2222 μῶν
282 2169 309 2203 τε
323 2145 367 2220 καί
384 2147 523 2221 θμπειριῶν
537 2141 582 2206 τάς
595 2141 678 2208 καλάς
691 2142 736 2199 καὶ
746 2141 909 2220 εὐσχήμονας
921 2143 987 2211 ἀλη-

214 2235 263 2298 θῶς
273 2223 339 2290 είναι
355 2231 520 2310 φιλοκάλους·
534 2227 580 2298 τήν
594 2228 621 2286 δέ
632 2229 772 2305 λεγομένην
787 2228 836 2286 θπθ
847 2231 900 2286 τῶν
917 2229 987 2285 πολ-

214 2321 267 2378 λῶν
288 2317 449 2400 φιλοκαλίαν,
472 2306 524 2372 οἷον
544 2322 596 2380 τοῖς
615 2313 766 2390 ἀναγκαίοις
783 2313 829 2371 καί
849 2312 988 2392 χρησίμοις

213 2405 278 2484 πρδς
294 2404 337 2462 τδν
361 2406 416 2483 βίον
439 2401 585 2478 γινομένην,
606 2399 711 2479 λάφυρά
730 2422 782 2458 που
799 2402 845 2466 τῆς
866 2401 988 2469 ἀληθινῆς

214 2496 313 2582 κεῖσθαι
328 2489 488 2568 φιλοκαλίας.

580 2567 622 2621 εδ.

254 2677 333 2732 ldem
348 2675 417 2731 ibid.
431 2675 541 2740 th11‚
563 2678 614 2744 49,
628 2689 661 2726 ex
673 2671 773 2724 eodem
784 2671 878 2724 libro:
901 2668 988 2726 Καθό-

213 2765 259 2820 λου
283 2760 309 2818 δὲ
334 2757 416 2838 ᾤοντο
433 2759 484 2814 δεῖν
505 2753 699 2828 θπολαμδάνειν
718 2752 798 2828 μηδὲν
818 2743 883 2811 εἶναι
902 2754 987 2828 μεῖζον

214 2847 296 2905 κακθν
321 2847 461 2922 ἀναρχίας·
495 2843 523 2900 οὗ
548 2841 598 2918 γάρ
624 2839 765 2920 πεφυκέναι
787 2839 831 2897 τδν
854 2839 989 2918 ἀνθρωπον

215 2933 385 2999 διασώζεσθαι
398 2929 505 3005 μηδενδς
518 2929 723 2992 ἐπιστατοῦντος.
738 2928 803 3005 Περὶ
816 2927 841 2984 δέ
856 2928 988 3004 ἀρχόντων

215 3019 260 3078 καί
274 3017 423 3098 ἀρχομένων
436 3015 516 3080 οὕτως
528 3015 662 3093 ἐφρόνουν·
673 3011 730 3078 τοὺς
740 3013 786 3088 μέν
799 3011 849 3093 γάρ
863 3013 989 3092 ἄρχοντας

215 3107 326 3177 ἔφασκον
346 3106 374 3161 οὐ
390 3103 466 3176 μόνον
482 3099 672 3174 ἐπιστήμονας,
688 3097 755 3156 ἀλλά
776 3098 820 3157 κοιλ
836 3098 987 3178 φιλανθρώ-

214 3215 276 3258 πους
291 3193 342 3250 δεῖν
358 3180 438 3262 εἶναι,
454 3187 498 3246 καί
513 3186 568 3254 robe
582 3187 741 3266 ἀρχομένους
752 3187 781 3244 ot
801 3186 879 3261 μόνον
896 3192 987 3256 πειθη·

1031 916 1194 987 νηπιάζοιιν,
1216 916 1282 990 μήτε
1302 919 1328 974 oi
1347 917 1477 974 νεανίσκοι
1496 916 1719 996 παιδαριεώοιντο,
1739 920 1803 992 μήτε

1033 1004 1056 1061 ol
1075 1001 1191 1080 γέροντες
1206 1006 1402 1082 παραφρονοῑεν.
1421 1005 1482 1062 Δεῖν
1501 1001 1528 1060 δέ
1550 1000 1663 1082 ίφασκον
1684 1003 1759 1068 εὐθὺς
1775 1008 1803 1062 ἐκ

1031 1089 1131 1147 παίδων
1144 1089 1190 1148 καί
1203 1089 1250 1159 τήν
1263 1088 1360 1170 τρυφὴν
1371 1089 1534 1166 τεταγμένοις
1546 1090 1756 1170 προσφέρεσθαι,
1767 1093 1803 1149 δι·

1031 1173 1168 1242 δάσκοντες
1182 1177 1237 1252 (σέο
1256 1179 1358 1248 ὓεσεας
1378 1180 1444 1234 libri
1467 1177 1655 1253 διδάσκουσαν)
1677 1180 1714 1244 ὡς
1728 1182 1745 1248 ἡ
1760 1180 1804 1254 μὲν

1030 1262 1101 1330 τάξις
1115 1263 1160 1320 καί
1172 1263 1319 1342 συμμετρία
1330 1262 1398 1332 καλὴ
1413 1262 1459 1320 καί
1476 1261 1621 1344 σύμφορος,
1641 1265 1696 1332 ἡδ’
1712 1265 1803 1332 ἀταξία

1031 1349 1076 1408 καὶ
1096 1351 1261 1428 ἀσυμμετρία
1277 1348 1376 1429 αἰσχρά
1397 1351 1485 1408 τεκαὶ
1499 1349 1655 1430 ἀσύμφορος.
1676 1354 1719 1410 Cf.
1732 1356 1805 1410 Iam-

1031 1439 1118 1494 blieh.
1132 1440 1150 1494 l.
1166 1440 1186 1492 1.
1203 1439 1219 1512 §
1236 1437 1301 1507 175,
1318 1456 1385 1507 τοι,
1404 1439 1471 1494 203.

1398 1571 1443 1625 ¹9·

1072 1665 1152 1720 Idem
1166 1666 1236 1724 ibid.
1251 1667 1388 1734 LXXIX,
1403 1665 1440 1730 45
1456 1685 1463 1720 :
1477 1662 1552 1722 Μετά
1563 1663 1593 1720 rb
1607 1669 1673 1721 θεῖον
1689 1667 1738 1724 καὶ
1756 1669 1803 1724 δτι·

1033 1750 1121 1826 μόνιον
1135 1751 1256 1808 πλεῖστον
1270 1755 1398 1808 ποιεῖσθαι
1408 1749 1485 1827 λόγον
1497 1751 1591 1827 γονέων
1605 1773 1634 1808 τε
1645 1751 1692 1808 καὶ
1703 1753 1803 1828 νόμων,

1033 1835 1071 1910 μή
1082 1837 1219 1906 πλαστῶς,
1234 1834 1302 1894 ἀλλά
1315 1833 1525 1911 πεπιστευμένως
1536 1838 1627 1895 ἑαυτδν
1639 1838 1707 1917 πρὸς
1723 1845 1804 1898 ταῦτα

1032 1923 1273 2004 παρασκευάζοντα.
1289 1923 1328 1984 Tb
1344 1924 1429 1999 μένειν
1440 1926 1492 1991 τοῖς
1503 1924 1619 2004 πατρίοις
1631 1924 1703 1982 ἔθεσί
1720 1949 1750 1984 τε
1762 1927 1803 1984 καὶ

1031 2010 1119 2084 νόμοις
1139 2009 1306 2085 ἐδοκίμαζον,
1326 2013 1349 2069 εί
1370 2009 1414 2069 καί
1433 2016 1519 2092 μικρῷ
1540 2011 1621 2090 χείρω
1639 2015 1693 2070 τῶν
1716 2014 1806 2093 ἐτέρων

1033 2095 1084 2167 είη.

1077 2212 1088 2237 ι
1101 2189 1176 2242 Huic
1190 2189 1351 2243 Aristoxeni
1362 2189 1427 2244 loco
1439 2190 1469 2242 in
1482 2189 1577 2244 collat.
1593 2188 1677 2245 Grot.
1691 2191 1805 2262 subjecti

1033 2285 1097 2330 sunt
1118 2285 1174 2328 tres
1186 2275 1233 2329 alii
1247 2293 1312 2329 cum
1328 2276 1509 2347 inscriptione
1533 2278 1579 2330 τοῦ
1599 2274 1696 2347 αὐτοῦ,
1721 2278 1806 2332 idest

1034 2360 1224 2417 Aristoxeni...
1244 2361 1418 2416 lilonendnm
1443 2373 1483 2416 est
1495 2363 1555 2416 haeo
1569 2362 1663 2417 omnia
1679 2381 1742 2418 non
1754 2383 1807 2418 esse

1033 2445 1209 2514 Aristoxeni,
1238 2447 1288 2503 sed
1317 2449 1425 2503 librarii
1457 2466 1555 2502 errore
1586 2450 1638 2522 ipsi
1666 2453 1805 2523 ascripta,

1033 2535 1138 2606 quippe
1152 2533 1278 2589 Stobaeus
1298 2552 1331 2590 ea
1349 2536 1465 2608 sumpsit
1483 2553 1519 2589 ex
1537 2536 1661 2591 Platonis
1674 2537 1753 2593 libro
1767 2540 1806 2593 ltt

1032 2622 1118 2694 Legg.
1134 2639 1164 2692 p.
1183 2619 1252 2692 930,
1263 2623 1295 2689 E,
1310 2631 1339 2676 et
1350 2619 1419 2695 931,
1432 2623 1455 2675 E
1469 2621 1515 2679 ed.
1527 2622 1622 2695 Steph.
1640 2647 1653 2671 ν
1670 2625 1787 2681 Manna.
1897 2688 1898 2691 ς

1396 2753 1443 2790 ao.

1073 2844 1152 2898 Idem
1165 2843 1235 2897 ibid.
1251 2844 1299 2910 CI,
1313 2851 1329 2909 ή
1347 2865 1353 2899 :
1371 2843 1437 2922 ssepi
1451 2842 1478 2900 δέ
1491 2843 1614 2920 γενέσεως
1627 2846 1734 2903 παίδοιν
1747 2848 1806 2905 τάδε

1033 2925 1119 3004 ἐλεγε-
1136 2927 1254 2985 Καθόλου
1269 2926 1316 3000 μέν
1331 2929 1505 3008 φυλάττεσθαι
1518 2930 1548 2988 τὸ
1563 2930 1728 3007 καλούμενον
1744 2956 1807 3012 προ.
1896 2962 1897 2965 “

1034 3013 1116 3093 φερές·
1136 3013 1194 3072 οὔτε
1208 3014 1258 3091 γάρ
1270 3018 1321 3072 τῶν
1338 3021 1440 3095 φυτῶν,
1452 3015 1511 3075 οὔτε
1527 3021 1578 3075 τῶν
1597 3017 1670 3098 ζῴων
1687 3021 1808 3101 εὖκτρπα

1033 3100 1065 3158 rii
1073 3106 1188 3182 προφερῆ
1199 3101 1418 3180 γίγνεσθαι,ἀλλά
1429 3103 1519 3215 χρόνον
1526 3102 1583 3161 τινίι
1593 3107 1809 3186 προπαρασκευά·

1033 3190 1121 3255 ζεσθαι
1137 3193 1182 3260 τῆς
1197 3189 1387 3268 καρποφορίας,
1407 3193 1433 3248 ίν
1447 3215 1469 3269 tp
1482 3189 1656 3268 ίξιοχώσαντα
1674 3193 1724 3251 καὶ
1742 3217 1809 3252 τετε·

215 3280 299 3353 stoue,
315 3275 382 3336 ἀλλά
397 3276 442 3334 καί
460 3274 641 3352 ριλάρχοντας.
658 3272 847 3348 Ἐπιμελητέον
861 3271 887 3330 δὲ
901 3273 988 3342 πάσης

214 3363 316 3437 ἡλικίας
335 3367 459 3438 ἡγοῦντο,
481 3361 526 3418 καί
548 3360 606 3426 τοὺς
621 3358 668 3434 μὲν
690 3359 782 3424 παῖδας
803 3361 829 3416 ἐν
849 3357 988 3436 γράμμασι

215 3451 260 3510 καί
282 3451 334 3515 τοῖς
347 3449 432 3514 ἀλλοις
447 3445 598 3522 μαθήμασιν
613 3445 764 3502 ἀσκεῖσθαι·
784 3447 841 3510 τοὺς
864 3440 891 3502 δὲ
904 3444 988 3502 νεανί-

1033 3272 1162 3349 λειωμένα
1177 3272 1210 3331 τά
1229 3273 1341 3348 σώματα
1358 3276 1483 3354 παρέχειν
1504 3275 1537 3334 τά
1555 3300 1584 3334 τε
1601 3277 1745 3355 σπέρματα
1766 3281 1808 3338 καί

1032 3358 1091 3425 τοίις
1100 3359 1216 3437 καρποθς
1227 3360 1370 3432 δεδύνηται.
1383 3360 1475 3422 [lolii
1487 3362 1514 3420 δὲ
1525 3355 1591 3421 εἶναι
1601 3367 1628 3422 έν
1642 3369 1680 3443 τῷ
1693 3365 1806 3447 [βίῳ]ἀν

1033 3437 1071 3511 οἷς
1085 3448 1239 3525 ήθψιμαθία
1250 3448 1305 3505 lori
1321 3448 1445 3526 βελτίων,
1461 3440 1513 3508 οἷον
1524 3451 1571 3507 καὶ
1585 3450 1614 3508 τὸ
1631 3457 1680 3510 τοῦ
1703 3455 1808 3533 ἀφροδι-
1894 3500 1895 3509 ,

213 3621 267 3667 tum
281 3615 399 3680 quendam
409 3613 495 3664 enimse
506 3615 530 3662 et
540 3615 631 3662 motum
642 3614 666 3660 et
675 3611 843 3674 appetitionem
855 3611 989 3673 repteiimis
1032 3611 1100 3664 (lidie
1112 3614 1137 3662 et
1154 3614 1259 3664 consitiis
1273 3615 1457 3677 prudentissime
1470 3620 1630 3666 venarentur.
1644 3619 1687 3670 sio
1696 3621 1763 3670 eoin
1776 3620 1811 3668 tn·

214 3696 239 3744 et
252 3690 448 3752 inanitionis‚rel
461 3689 551 3739 sensitis
565 3677 667 3748 aiieujds
677 3687 809 3749 presentie
825 3687 987 3749 absentiaeve,
1032 3692 1114 3740 turum
1140 3694 1169 3740 ut
1190 3693 1256 3754 pueri
1274 3706 1323 3742 non
1339 3693 1453 3742 baberent
1474 3707 1552 3744 mores
1570 3695 1714 3756 tutantium,
1735 3711 1810 3759 neque
1893 3734 1894 3737 ,

215 3771 253 3822 rel
262 3769 336 3831 ipsius
345 3779 428 3818 sensus
438 3759 585 3829 priiationis.
599 3767 672 3816 Porro
680 3763 815 3826 depravate
825 3766 849 3814 et
861 3765 931 3814 maire
943 3777 982 3814 eu·
1033 3767 1246 3831 pneriieJ‘uvenes,
1261 3781 1340 3830 neone
1351 3769 1457 3831 juvenile
1471 3771 1515 3818 riri
1525 3771 1654 3822 retinerent
1668 3774 1808 3834 ingenium:

213 3845 373 3910 piditstistris
382 3856 468 3907 genera
478 3843 598 3903 precipua
609 3841 722 3900 iaciebat,
733 3839 889 3902 indecorum,
903 3843 989 3890 immo·
1033 3856 1077 3892 nee
1086 3844 1191 3907 denique
1200 3857 1268 3894 unes
1282 3845 1425 3908 desiperent·
1438 3847 1474 3897 id
1486 3846 1554 3908 bae,
1564 3850 1752 3900 maerentum
1767 3851 1810 3899 aie

214 3923 339 3977 deatum,
349 3919 555 3981 intempestivum.
568 3920 615 3966 tut
626 3917 689 3966 enim
698 3930 740 3979 per
750 3930 776 3966 se
785 3917 987 3966 statiminrieeen·
1033 3919 1105 3982 bant,
1115 3925 1145 3970 nt
1159 3922 1269 3970 stutimu
1286 3922 1368 3984 pueris
1378 3923 1490 3972 alimenta
1510 3926 1575 3972 serto
1590 3923 1676 3975 ordine
1690 3927 1809 3989 modoque

214 4003 264 4050 tem
280 4011 331 4048 esse
342 3995 497 4059 cupiditatem
505 3993 623 4054 ‚odiosam
631 3996 656 4043 et
664 3993 813 4042 illiberalem:
824 3995 866 4042 aut
875 4007 923 4042 non
931 3993 985 4055 qui·
1032 3999 1193 4058 sumnentur,
1202 3995 1316 4046 docentes
1328 3997 1435 4048 ordinem
1445 4001 1518 4060 eique
1529 3998 1628 4048 modum
1642 4001 1734 4064 ubique
1741 4002 1808 4051 deeo-

213 4079 267 4129 dem
276 4072 579 4140 simpliciterculpandam.
590 4071 632 4121 sed
640 4073 842 4121 vehementiorem
852 4071 989 4120 diutumio·
1033 4086 1087 4122 rum
1100 4077 1125 4122 et
1137 4073 1264 4123 utilitatem
1284 4074 1369 4124 alieno
1379 4094 1386 4122 ι
1397 4075 1516 4124 contraria
1528 4077 1610 4124 ανείοω
1618 4113 1626 4138 ,
1635 4081 1664 4126 ut
1677 4080 1768 4140 turpia.
1777 4079 1810 4127 sio

213 4147 985 4216 remqnejustossse;autquotemporeetsdqurenonoonvenit.
1032 4151 1212 4212 noxiaquooue
1220 4163 1277 4200 mse.

246 4323 443 4374 omninoautem
455 4319 640 4369 existimandum
653 4317 785 4380 putabant,
801 4318 858 4366 nibil
871 4322 921 4368 iam
939 4332 990 4368 esse
1066 4312 1340 4362 Postdeornmnnmina
1355 4312 1450 4374 plurimi
1466 4313 1543 4362 owe
1556 4316 1653 4376 oportet
1664 4321 1778 4375 parentes
1787 4325 1811 4362 ει

215 4399 320 4458 malum,
331 4409 403 4459 qnam
417 4399 453 4445 est
468 4394 637 4443 inobedientia.
657 4393 769 4442 iiomines
778 4393 843 4441 enim
857 4393 990 4443 incolumes
1033 4389 1109 4454 teges,
1122 4405 1171 4440 non
1184 4390 1297 4440 simulate
1311 4390 1354 4439 sed
1368 4390 1471 4440 iideiiter
1480 4390 1573 4454 seipsis
1586 4391 1811 4444 ευωσνσνοάοιιεοιιι

215 4475 303 4526 serrari
313 4486 362 4523 non
371 4485 451 4535 posse,
460 4469 502 4519 ubi
512 4481 583 4518 nemo
595 4470 686 4530 proeest.
696 4473 732 4518 be
745 4468 885 4530 magistratu
898 4481 955 4518 vero
964 4473 990 4518 et
1033 4466 1059 4517 iu
1073 4469 1155 4531 patriis
1168 4467 1381 4518 oomuetndinibns
1401 4471 1428 4518 et
1443 4467 1536 4530 legibus
1550 4470 1742 4531 perseverando.
1758 4466 1812 4518 litet

214 4551 327 4614 subiectis
339 4550 373 4598 ita
386 4549 535 4598 sentiebant:
546 4547 697 4608 magistratus
705 4546 802 4608 quidem
816 4546 927 4596 dicebant
938 4561 990 4596 non
1034 4545 1113 4606 pantio
1121 4544 1251 4595 deteriores
1258 4545 1311 4595 aliis
1319 4544 1416 4594 luerint

214 4631 324 4692 oportere
335 4628 429 4676 batum
444 4623 573 4686 prudentes
588 4635 652 4684 esse,
668 4635 752 4672 verum
767 4623 840 4672 etiam
855 4623 988 4686 benignos:
1406 4627 1452 4678 20.

214 4703 323 4754 subditos
336 4714 394 4750 vero
402 4713 451 4749 non
461 4701 590 4761 morigeros
599 4701 708 4758 butum,
723 4698 882 4748 sedernames
893 4713 991 4762 quoque
1065 4711 1101 4758 us
1124 4707 1275 4768 μεσσήρης
1294 4707 1425 4758 limum
1452 4707 1532 4758 hm
1552 4705 1677 4756 simne:
1705 4709 1812 4756 onim

215 4782 405 4843 mepstratunm.
415 4779 531 4826 Preierea
543 4775 689 4838 singularum
699 4777 798 4825 aeietnm
808 4789 890 4827 curem
900 4778 990 4827 baben·
1033 4783 1167 4834 cavendum
1184 4795 1236 4832 ω
1248 4783 1313 4844 quod
1326 4782 1415 4832 didius
1429 4795 1533 4846 prm,
1544 4786 1604 4836 pm
1615 4784 1729 4846 mnes„
1742 4785 1810 4846 μω.

213 4859 269 4908 dam
284 4868 336 4906 ατε
348 4852 491 4914 renuebant,
504 4853 537 4902 lta
547 4856 574 4902 ut
588 4853 654 4915 pueri
666 4853 763 4916 atridem
772 4853 796 4902 in
805 4853 880 4904 literis
892 4855 991 4916 aliisque
1033 4861 1073 4921 tis,
1083 4871 1161 4921 nsque
1170 4859 1195 4908 in
1201 4858 1354 4920 animalibus,
1360 4872 1415 4921 ηιιιε
1424 4860 1541 4922 pruooeia
1547 4862 1613 4921 sant,
1622 4857 1673 4908 lieri
1680 4859 1810 4910 tuorum:

214 4933 533 4998 triumtabernensium
543 4932 644 4993 juvenes
652 4931 990 4984 veroriritetisruonunetle
1034 4935 1075 4989 sed
1085 4938 1151 4986 oerto
1162 4937 1284 4996 ternpore.
1296 4937 1425 4996 antequam
1438 4935 1532 4986 trurtns
1544 4935 1634 4994 terant,
1644 4935 1737 4986 ditm
1746 4946 1809 4998 pra⁴

212 5025 269 5076 gum
283 5011 407 5074 diiigenter
420 5013 497 5060 ειεοσῑ
513 5009 627 5072 studiosis
640 5011 685 5060 viri
694 5009 829 5062 actionihtu
842 5011 992 5073 publiciusue
1034 5012 1267 5074 parari‚utoorpora
1276 5011 1382 5074 ipsorum
1392 5010 1502 5060 roborata
1511 5012 1694 5074 atquepertecia
1705 5013 1779 5070 bant,
1787 5015 1811 5058 et

213 5089 351 5139 muneribus
368 5101 393 5136 ιε
406 5085 504 5148 danne
517 5099 584 5138 senes
597 5089 712 5138 autema
725 5087 931 5150 meditationibus,
950 5088 990 5148 iu·
1034 5087 1125 5138 sermm
1139 5088 1278 5148 fructusque
1294 5087 1398 5148 proferre
1413 5087 1510 5148 possint.
1544 5087 1619 5136 linita
1636 5087 1711 5136 etiam
1724 5101 1810 5136 orror-
