3834 5767
186 349 223 415 ιε’
291 352 297 359 ’
733 349 922 411 unrochus
947 350 1240 411 Pnfflzottnustus.

182 498 216 563 θἰς
232 520 293 578 φησι
304 497 482 573 Δηίλοχος,
496 490 563 550 nord
575 490 649 569 ἔχθος
667 514 695 548 το
705 513 769 570 προς
780 514 838 555 τους
849 492 955 549 Θ.ασα-
977 490 981 535 l
1002 504 1080 559 rant,
1104 495 1187 546 nescii
1213 511 1307 547 rursus
1331 493 1510 564 appulcrunt.
1532 494 1669 550 Doliones
1685 496 1785 552 hostes

182 587 255 657 λοθς,
271 588 314 663 ὑφ’
329 575 364 641 ὧν
376 580 553 653 ἐξεθέύληντο.
567 570 651 643 Ούτος
665 576 691 635 δέ
703 580 754 652 (sc.
769 576 955 651 Ἀπολλώνιος)
1002 580 1095 634 adesse
1110 581 1162 634 rati
1177 598 1209 633 ex
1223 591 1305 653 gente
1316 582 1480 634 hlacronum
1499 580 1653 649 latrociniis
1664 582 1783 653 dedita,

182 674 231 731 ὑπὸ
244 677 293 731 τῶν
310 675 331 732 Γ
332 674 430 747 ηγενιῗιν
441 690 504 745 ρησι
516 668 648 744 κεχῶσθαι
660 664 749 742 αὐτὸν,
763 668 914 737 ποιητικῶς,
1002 685 1116 719 manum
1127 685 1191 720 cum
1203 667 1235 720 iis
1246 677 1406 721 conserunt.
1422 666 1532 722 Cadunt
1540 670 1637 740 multi,
1645 671 1720 726 inter
1731 691 1786 727 eos

221 765 264 821 ld,
283 761 340 835 989
357 780 364 817 ς
380 752 552 833 Γηγενέες·
574 752 703 830 Δηίλοχος
721 748 870 817 Θετταλούς
892 742 957 808 slim
1003 769 1052 805 rex
1060 754 1183 824 Cyzicus.
1197 754 1238 807 Ita
1251 753 1429 825 Apollonius.
1444 753 1489 807 Ad
1499 755 1559 809 haec
1575 757 1665 812 schol.
1677 769 1735 813 vet.
1748 761 1782 825 1,

183 848 259 928 ρηαίγ
274 842 514 925 ἐγχειρογάστορας.
528 836 596 905 Tot<
617 837 644 896 δέ
658 838 772 916 γηγενεῖς
793 840 847 913 (sc.
862 836 957 895 Ἀπολ-
1009 838 1080 908 1037
1099 858 1107 894 ε

182 934 279 1009 λάινιοςλ
287 931 350 1011 ρησὶ
363 933 415 994 τοῖς
431 924 611 1005 Ἀργοναύταις
621 922 813 995 έπιύουλεῦσαι,
822 924 959 987 δοκοῦντας
1045 922 1111 1003 Περὶ
1130 926 1176 995 τῆς
1187 924 1276 1003 μάχης
1291 922 1337 981 καί
1347 922 1474 1003 Δηίλοχυς
1486 927 1591 1004 ἱστορεῖ,
1604 926 1672 1009 Περὶ
1685 926 1713 986 δὲ
1732 932 1785 1000 τῆς

182 1019 279 1097 λῃστὰς
291 1008 366 1075 εἶναι,
1004 1014 1048 1067 τοῦ
1060 1008 1171 1078 Κυζίκου
1185 1010 1341 1092 ἀναιρέσεως
1353 1010 1399 1069 καλ
1420 1015 1467 1081 τῆς
1486 1010 1547 1081 ύλης
1562 1012 1650 1091 μάχης
1661 1017 1691 1072 οὗ
1710 1038 1784 1093 συμ-

222 1108 264 1163 Cl.
283 1126 311 1160 ν.
322 1104 380 1180 996
400 1122 406 1156 :
423 1102 545 1165 Μυθικῶς
560 1098 638 1175 φησίν
663 1100 693 1171 (ὁ
705 1096 893 1167 Ἀπολλώνιος)
909 1094 959 1153 ὑπὸ
1004 1098 1137 1175 φωνεῖται.
1148 1094 1263 1179 Ἔρορος
1283 1100 1338 1173 (fr.
1354 1100 1425 1175 τοῖς)
1442 1096 1490 1175 μὲν
1507 1098 1626 1177 γὰρτοθς
1641 1101 1783 1175 Δολέονας,

182 1192 269 1272 Ἥρας
285 1194 325 1272 ἐρ’
347 1189 476 1267 Ἡρακλεῖ
489 1186 630 1265 τετράρθαι
650 1183 708 1250 τοὺς
730 1186 861 1261 Γηγενεῐς.
883 1182 918 1243 Ὁ
931 1182 958 1240 δὲ
1006 1184 1159 1262 Πελασγοὺς
1178 1184 1267 1257 ὄντας,
1285 1184 1331 1243 καὶ
1356 1186 1491 1265 ἐχθρωδῶς
1516 1186 1693 1263 διακειμένους
1715 1189 1785 1269 πρὸς

184 1284 262 1353 μῦθος
275 1277 327 1335 ἀπὸ
339 1281 384 1333 τοῦ
397 1272 527 1349 Νεμεαίου
537 1270 637 1337 λέοντος
649 1269 740 1335 αὐτοὺς
751 1278 839 1350 γεννᾷ.
854 1269 958 1329 Πολύ·
1004 1267 1063 1336 τοὺς
1074 1269 1123 1339 τὴν
1133 1272 1285 1334 Θεσσαλίαν
1295 1272 1341 1329 καὶ
1355 1271 1514 1351 Μαγνησίαν
1528 1279 1725 1349 κατοικοῦντας,
1734 1277 1784 1334 διὰ

182 1362 354 1445 γνωστοςδέ
364 1364 391 1420 ἐν
402 1362 453 1425 τοῖς
464 1359 529 1438 Περί
542 1360 654 1425 Κυζικοῢ
665 1355 764 1436 λῃστὰς
775 1356 867 1422 αὐτοὺς
878 1354 959 1433 λέγει.
1004 1354 1034 1414 τὸ
1047 1359 1226 1431 άπελααθῆναι
1246 1363 1290 1418 ὑπ’
1305 1361 1402 1434 αὐτῶν,
1419 1357 1552 1417 ἐπιθέσθαι
1563 1361 1650 1429 αὐτοῖς
1665 1362 1781 1443 νύκτωρ,

223 1454 319 1512 Codex
331 1452 446 1507 Parisin.
464 1442 626 1521 Γηγενέες
643 1465 650 1503 :
664 1441 778 1509 Τούτους
794 1441 899 1521 Διίοχος
912 1440 959 1517 μὲν
1004 1444 1097 1525 γράφει
1106 1448 1132 1504 ίν
1143 1450 1175 1523 τῇ
1186 1447 1274 1527 ζνάτη.
1283 1445 1463 1517 Ἧκολούθηκε
1473 1445 1502 1503 δὲ
1515 1444 1685 1515 Ἀπολλώνιος
1696 1452 1783 1520 Δηι-

182 1536 337 1601 θεσσαλοθς
351 1526 418 1593 εἶναί
431 1554 494 1613 φησι
509 1530 727 1609 ἐγγαστρόχειρας
746 1530 814 1607 (sic)
826 1574 834 1601 ,
847 1528 960 1587 ἐπιθου-
1004 1529 1103 1613 λόχῳ.

183 1630 275 1687 λεῒιται
286 1624 313 1683 δὲ
322 1622 375 1687 τοῖς
384 1619 567 1701 Ἀργοναύταις
576 1618 654 1685 διὰτὸ
662 1615 874 1697 νομίσαιληστίις
884 1608 958 1676 εἶναι.
1044 1622 1113 1692 Quae
1121 1624 1198 1685 hune
1211 1624 1241 1677 in
1258 1620 1375 1677 modum
1390 1622 1519 1693 corrupit
1535 1621 1624 1675 schol.
1642 1622 1709 1677 cod.
1726 1624 1783 1678 Pa-

186 1710 401 1785 Πολύγνωτος
413 1706 440 1765 δὲ
454 1708 481 1763 ἐν
498 1707 551 1771 τοῖς
561 1704 629 1783 Περί
644 1702 758 1772 Κυζίκου
774 1701 872 1781 λῃστὰς
883 1701 960 1785 ρησὶν
1005 1709 1082 1763 risin.
1098 1729 1105 1763 :
1116 1706 1182 1787 Περὶ
1188 1710 1234 1777 τῆς
1245 1704 1400 1786 τἰναιρίσεως
1406 1709 1457 1763 τῶν
1467 1706 1595 1765 Δολιύνων
1603 1706 1782 1787 διαφωνεῖται.

184 1798 274 1864 αὐτούς
288 1788 363 1862 εἶναι.
379 1793 414 1853 Ὁ
426 1791 453 1852 δὲ
468 1796 548 1868 μῦθος
566 1792 618 1857 ἀπὸ
637 1796 682 1849 τοῦ
704 1792 837 1867 Νεμεαίου
860 1790 961 1854 λέοντος
1005 1792 1126 1871 Διίλοχος
1145 1791 1193 1870 μὲν
1209 1792 1261 1871 γάρ
1274 1816 1338 1873 φησι
1348 1792 1407 1859 τοὺς
1420 1790 1556 1863 Δολίονες,
1571 1792 1723 1871 Πελασγούς
1734 1794 1783 1851 ὄν-

184 1884 275 1949 airola
286 1888 377 1961 γεννᾷ,
391 1878 436 1938 καί
449 1878 499 1935 ὑπὸ
512 1874 602 1955 Ἥρας
617 1878 655 1956 ἐφ’
670 1876 797 1956 Ἡρακλεῖ
817 1876 960 1955 τετράφθαι
1004 1904 1052 1947 τας
1062 1882 1107 1941 καὶ
1121 1887 1259 1958 μισοῦντας
1267 1879 1326 1947 τούς
1338 1880 1385 1951 τὴν
1398 1879 1550 1940 Θεσσαλίαν
1564 1878 1610 1937 καὶ
1621 1882 1782 1957 Μαγνησίαν

183 1969 273 2049 φησίν.
1005 1970 1156 2045 οἰκοῦντας,
1176 1967 1218 2027 διὰ
1229 1968 1447 2038 τὀάττελασθῆναι
1457 1969 1502 2025 ὑπ’
1517 1968 1602 2024 αὐτῶν
1611 1968 1782 2039 ίκτῆςθεστ

223 2054 308 2120 llari<
328 2052 435 2130 λιμήν]
451 2057 514 2111 Hoc
531 2056 557 2110 θί
582 2072 688 2109 nomen
706 2053 848 2109 dederunt
873 2071 962 2126 Opera
1006 2054 1111 2127 ααλίας,
1122 2053 1253 2113 ἐπιθέσθαι
1269 2053 1369 2133 νύκτωρ
1379 2060 1431 2133 τοῖς
1444 2051 1636 2132 Ἀργοναύταις.

183 2145 324 2219 pelasgica
335 2154 549 2218 propeportum
559 2143 627 2201 olim
635 2152 774 2198 exstructa
781 2152 809 2195 et
818 2143 847 2194 in
858 2142 962 2213 penin-
1044 2147 1197 2217 Doliones,
1210 2144 1293 2215 hujus
1309 2154 1413 2199 tractus
1423 2143 1548 2216 populus
1560 2143 1781 2217 antiquissimus,

183 2234 252 2303 sula,
266 2250 327 2307 quae
340 2232 412 2286 ostio
425 2240 525 2303 portus
535 2228 729 2303 praetenditur.
738 2227 853 2283 Rudera
863 2228 959 2281 etiam·
1005 2250 1021 2286 a
1033 2234 1154 2307 Pelasgis
1164 2250 1180 2286 e
1189 2231 1327 2286 Thessalia
1335 2229 1451 2285 advenis
1459 2229 1567 2283 subacti
1583 2229 1672 2303 iisque
1686 2232 1782 2286 tribu—

183 2338 252 2375 num
272 2327 429 2392 supersunt.
453 2316 524 2375 Vide
547 2316 645 2371 Sestinl
667 2317 775 2369 lettere
797 2313 960 2387 odeporiche
1005 2320 1068 2373 tarii
1077 2329 1166 2378 erant.
1175 2320 1269 2390 Quare
1277 2314 1439 2390 Deiochus(
1446 2311 1782 2388 lnalrationeineorurn

134 2436 141 2459 t
185 2406 320 2481 (Livorno
342 2400 414 2475 1785
427 2404 447 2479 l,
464 2415 533 2461 torn.
554 2403 582 2469 1,
609 2420 639 2483 p.
665 2421 715 2471 της
730 2400 905 2473 lilarquardt.
926 2420 956 2473 p.
1004 2423 1064 2459 non
1080 2405 1187 2460 habuit.
1197 2402 1485 2478 Apolloninsiginrrsi
1493 2401 1623 2473 Pelasgos
1631 2402 1783 2474 Cyzicenos

190 2502 222 2559 il,
238 2506 267 2549 et
290 2500 337 2558 [γη.
352 2493 481 2565 Pelasgos
501 2492 625 2567 intellige
641 2490 825 2558 Thessalicos,
849 2490 898 2563 qui
923 2490 958 2544 ab
1004 2484 1139 2538 Doliones
1150 2483 1234 2551 dicit,
1247 2482 1304 2555 agit
1318 2492 1442 2553 poetam.
1468 2483 1509 2534 Ac
1529 2479 1679 2535 verisimile
1695 2493 1782 2537 estex

185 2579 303 2635 AEolidis
311 2580 402 2653 patria
411 2579 483 2651 pulsi
491 2581 521 2633 in
530 2578 691 2651 Cyzicenum
701 2578 845 2651 regionem
857 2578 959 2651 migra·
1004 2570 1158 2642 Apollonio
1176 2587 1280 2624 nomen
1303 2567 1438 2622 transiisse
1458 2566 1488 2619 in
1502 2566 1645 2635 scholion,
1668 2586 1727 2622 non
1746 2588 1782 2623 ex

184 2679 297 2735 verant,
321 2666 418 2738 ibique
436 2666 535 2721 urbem
557 2666 686 2737 Cyzicum
701 2664 896 2720 condiderant.
914 2666 955 2720 Cf.
1004 2657 1133 2729 Ephoro,
1147 2674 1233 2729 quern
1250 2656 1344 2727 itaque
1357 2654 1412 2708 hoc
1429 2663 1504 2707 certe
1523 2653 1589 2708 loco
1603 2655 1706 2709 aerisiae
1726 2658 1783 2710 cri-

186 2753 296 2808 hliiller.
307 2754 380 2807 Min.
399 2770 427 2824 p.
447 2750 514 2815 243.
530 2749 598 2818 254,
612 2749 639 2804 5.
654 2749 721 2819 287.
743 2751 853 2804 Horum
877 2769 957 2823 pars,
1004 2746 1079 2799 mine
1087 2744 1273 2799 liberaverim.
1284 2743 1412 2797 Ceterum
1421 2739 1457 2795 cl.
1464 2739 1778 2798 hliiller.Min.Excnrs.

187 2832 706 2913 ίΘεσσαλοὶέγχειρογάστορες)νεῑετίο
721 2833 828 2905 injuria
846 2836 960 2891 a'l'hes-
1004 2833 1026 2886 1.
1046 2828 1220 2903 Marquardt.
1234 2847 1265 2901 p.
1292 2837 1338 2893 4ο.
1360 2828 1430 2883 Cum
1448 2826 1565 2898 Ephoro
1584 2827 1621 2882 cl.
1641 2828 1782 2885 Callisthe-

185 2912 257 2992 salis,
274 2924 350 2979 AEoli
361 2924 508 2996 prosapia,
525 2921 576 2974 sibi
593 2921 676 2975 illatae
699 2938 851 2991 memores,
873 2933 901 2975 et
913 2940 960 2976 ra-
1005 2931 1054 2971 nes
1065 2914 1100 2969 sr·
1118 2914 1165 2978 43·

185 3013 264 3085 pinas
278 3028 377 3065 eorum
394 3018 563 3073 metuentes,
579 3017 695 3079 portum
710 3006 856 3063 obstruere
869 3009 960 3063 moliti
1058 3071 1061 3080 ι

185 3110 258 3156 sunt.
269 3098 399 3155 Ceterum
411 3095 509 3151 confer
524 3090 647 3151 fabulam
660 3095 827 3149 simillimam
838 3114 884 3168 ap.
900 3094 960 3151 Stc·
1377 3101 1403 3150 7·

185 3186 270 3258 phau.
284 3186 340 3257 Byz
352 3202 380 3237 ν.
391 3178 515 3243 Βέσθικος
531 3198 565 3235 ex
581 3182 734 3253 Agathocle
745 3180 758 3253 ’(
768 3178 832 3260 Περὶ
849 3180 960 3249 Κυζίκου

186 3272 254 3329 lr.3
283 3267 380 3327 .-’E
417 3288 439 3324 ει
487 3265 551 3325 άστο
626 3264 892 3325 οίάπθτῶν·ει”ν
924 3290 958 3325 α-

186 3272 346 3435 στριζιίμενοι
357 3273 721 3431 κάίίτῇρίέιστρλρέέοέιίζοντες.
739 3290 960 3430 Λίγύντάίίθέίιαί
1005 3342 1063 3427 (ΝΞΟ
1075 3324 1166 3427 Cyzici
1178 3323 1337 3428 “12³¹ch
1348 3318 1357 3397 l
1372 3316 1504 3394 μέμνηται
1513 3316 1671 3397 Δηίόλοίνος)
1680 3321 1742 3399 περί
1750 3345 1777 3378 τε

186 3440 378 3521 γαστράχειρες,
391 3442 509 3514 Hesych.
524 3442 606 3499 Plura
620 3462 648 3496 v.
664 3445 694 3497 in
708 3440 806 3516 Steph.
826 3444 906 3498 Thes·
930 3462 958 3497 v·
1005 3431 1049 3465 του
1061 3429 1143 3486 ταρου
1155 3409 1267 3475 Κυζικου
1280 3404 1388 3470 θαυτθς.
1403 3407 1446 3463 Cl.
1461 3404 1637 3479 lilarqinrdt.
1655 3428 1686 3480 p.
1701 3411 1766 3467 135.

186 3528 418 3608 Ἐγχειριγάστωρ.
1380 3563 1409 3617 8Ι

225 3622 267 3674 De
286 3618 444 3689 Polygnoto
462 3619 519 3673 sive
534 3617 713 3691 Polrgnosto,
740 3616 789 3689 qui
809 3618 876 3671 item
895 3614 962 3693 Περὶ

187 3702 298 3773 Κυίῖκθυ
311 3706 448 3780 ⁵¹³¹'lP5l55e
460 3705 574 3773 didimi
587 3704 700 3759 aliunde
714 3722 773 3759 '¹⁰¹¹
785 3715 902 3759 θθῐὶὸῑθῑ·
923 3732 961 3745 ···
1047 3717 1127 3773 Idem
1135 3719 1159 3786 1,
1179 3714 1252 3771 1063
1273 3735 1279 3768 ε
1294 3712 1362 3791 Περὶ
1382 3710 1409 3770 δέ
1425 3713 1537 3784 Κλείτης
1555 3714 1619 3791 φησὶ
1639 3714 1781 3797 Δηιολοχος

186 3791 315 3868 Νεμεαίου
328 3790 430 3855 λέοντος
441 3796 451 3860 ]
462 3792 537 3847 conl.
553 3791 696 3847 Herodori
708 3790 743 3863 fr,
760 3809 804 3845 ιο.
824 3790 872 3856 45.
1007 3802 1058 3860 ὑπὸ
1070 3800 1153 3871 λύπης
1166 3802 1329 3870 τελευτῆσαι,

556 3932 573 3985 6
1047 3884 1781 3963 ΙθεειεΙ,ιοθθιΕὐάνθηςίΝεάνθηςίλδέκσὶΔηί-

578 3973 584 3984 ’
1006 3980 1100 4055 λοχος
1113 3979 1256 4055 ἱστοροῦσιν
1271 3974 1310 4031 ὅτι
1317 3970 1478 4051 άπήγξατοὴ
1493 3974 1657 4046 Κλείτη,καί
1668 3975 1708 4035 ὅτι
1721 3983 1738 4048 ἡ
1750 3983 1780 4037 ἐκ

225 4074 393 4143 Argonautae
404 4072 506 4141 Cyzico
525 4072 612 4125 avecti
633 4089 699 4125 mox
714 4082 776 4125 orta
800 4080 963 4142 tempestate
1007 4067 1057 4121 τῶν
1065 4061 1184 4140 δακρύων
1194 4060 1291 4131 ταύτης
1300 4054 1383 4140 κρήνη
1391 4063 1417 4121 έν
1429 4062 1536 4141 Κυζίκῳ
1543 4060 1644 4138 ἐγένετο
1653 4064 1779 4133 κληθεῖσα

187 4167 274 4212 noctu
287 4157 323 4213 ad
338 4176 416 4213 oram
429 4158 601 4225 Dolionum,
626 4176 709 4229 quam
725 4156 813 4211 modo
835 4158 961 4228 relique·
1007 4153 1050 4211 ἐπὶ
1065 4155 1103 4231 τῷ
1114 4150 1222 4224 ὀνόματι
1236 4150 1315 4218 αὐτῆς
1324 4147 1432 4220 Κλείτη.

1044 3236 1123 3291 Idem
1136 3237 1165 3303 l,
1179 3235 1248 3289 1061
1266 3254 1273 3287 :
1288 3229 1382 3291 Τοῦδέ
1400 3231 1590 3306 Αειμοινίου
1603 3232 1715 3291 πεδίου
1733 3234 1780 3310 (in

186 4323 277 4368 struere
286 4320 385 4380 aaroni
397 4322 467 4379 sunt,
477 4322 505 4366 ut
515 4318 633 4367 Deiochus
643 4320 727 4379 refert,
735 4322 831 4381 propter
844 4316 963 4393 odiumflin
1003 4316 1076 4365 trudit
1085 4316 1145 4365 libro
1160 4328 1232 4363 nono.
1250 4316 1340 4364 contra
1356 4314 1494 4375 Apollonius
1510 4314 1607 4363 Deiochi
1618 4315 1779 4365 narrationem

186 4394 321 4456 Thessalos,
333 4395 375 4457 qui
387 4396 507 4445 Thessalia
516 4408 557 4445 eos
566 4395 693 4454 ejecerunt.
1003 4395 1098 4441 secutus
1106 4394 1150 4440 est.

218 4471 336 4521 Doiochus
346 4472 465 4533 (Pelasgos
474 4471 535 4532 illos,
546 4484 607 4533 quos
614 4471 754 4533 Apollonius
763 4472 854 4533 poetice
861 4478 963 4532 γηγενεῖς
1376 4473 1404 4520 7.

186 4549 298 4611 appellnt)
316 4548 441 4597 Thessalos
460 4548 683 4611 ἐγχειρογάστορες,
703 4552 721 4596 1'·
738 4560 760 4596 e·
780 4552 824 4611 qul
843 4549 963 4597 inanitus
1033 4557 1117 4619 Campi
1135 4557 1251 4618 pratensis
1269 4556 1378 4605 meminit
1394 4554 1521 4605 Dehclnua
1541 4555 1608 4605 idem
1624 4556 1656 4604 de
1669 4558 1778 4619 sepulcro

185 4630 299 4690 propriis
312 4630 410 4675 victum
421 4626 591 4689 stiparent,
604 4626 670 4676 dicit.
1002 4634 1081 4695 cyzici
1090 4632 1196 4695 exponit,

217 4792 338 4851 Depugna
350 4789 389 4838 illa
404 4788 626 4855 Deioohusquoque
637 4795 726 4841 narrat.
740 4795 829 4841 Verum
839 4793 869 4841 dc
880 4791 961 4853 Cyzici
1032 4798 1110 4847 cliton
1134 4812 1183 4861 prm
1219 4810 1321 4845 murore
1345 4796 1420 4845 vitam
1445 4796 1532 4845 finiisse
1552 4800 1638 4845 auctor
1653 4799 1690 4846 est
1707 4799 1779 4847 Deio·

186 4864 348 4914 intersectione
356 4869 380 4915 et
389 4865 419 4914 de
431 4868 481 4915 toto
494 4866 538 4916 isto
551 4869 633 4930 prulio
648 4882 695 4917 non
707 4870 819 4919 convenit
831 4870 892 4919 inter
902 4870 961 4917 scri·
1002 4876 1069 4925 chus.
1147 4862 1151 4867 ’

186 4947 273 5004 ptores
284 4944 377 4993 Etenim
385 4944 493 5007 Ephorus
504 4947 614 4996 Doliones
624 4948 745 5009 Pelasgos,
755 4949 797 5010 qni
807 4948 886 4997 hostili
894 4949 962 4996 erant
1033 4954 1155 5003 Euandros
1165 4951 1334 5013 (Neontluse)
1350 4953 1375 5000 et
1395 4952 1515 5001 Deioelrus
1527 4952 1604 5002 Gliten
1620 4954 1780 5015 strangulasse

186 5020 209 5067 in
227 5019 355 5069 Thessalia,
364 5022 388 5069 el
403 5023 529 5083 Mensulas
547 5021 635 5073 in'eolas
653 5025 746 5087 animo,
758 5027 884 5087 propterea
898 5025 962 5086 quod
1001 5044 1027 5080 κο
1040 5032 1152 5088 narrant,
1162 5032 1273 5090 atquees
1284 5029 1392 5077 lacrimis
1404 5030 1479 5078 clitus
1495 5030 1584 5078 iontem
1602 5029 1682 5091 cyzici
1697 5034 1779 5079 orium

185 5098 246 5159 pulsi
257 5099 288 5147 ah
298 5100 325 5148 iis
334 5099 390 5148 dim
401 5102 507 5162 lucrant,
517 5106 590 5151 noctu
600 5116 640 5152 eos
649 5117 678 5153 er
686 5104 775 5154 insidiis
784 5118 903 5166 aggressos
912 5118 963 5154 mse
1003 5121 1066 5167 w,
1076 5108 1117 5169 qui
1130 5106 1161 5154 de
1172 5108 1269 5155 nomine
1279 5106 1331 5167 rjus
1339 5106 1480 5169 appelletur,
