3834 5767
746 337 795 398 ΒΕ
817 336 936 402 REBUS
957 342 1139 407 rusuets.
1680 364 1737 414 ros

150 479 208 528 οων,
219 461 337 516 alterum
351 455 416 537 Περὶ
433 461 484 516 τῶν
499 460 525 516 ἐν
537 458 646 520 Ἑλλάδι
664 462 764 522 πόλεων
774 465 820 540 (ν.
834 487 918 542 supra
962 491 997 528 eo
1011 476 1098 530 modo
1112 475 1227 530 concisi.
1238 476 1274 530 Et
1287 476 1438 532 Aristotelii
1452 477 1566 550 quidem
1586 479 1650 533 libri
1662 499 1735 552 quo-

148 567 175 620 p.
198 547 250 621 198
260 547 282 622 )
307 548 430 602 Titulurn
457 545 523 626 ssepi
542 548 679 606 πολιτειῶν
697 553 733 608 ab
754 568 918 628 excerptore
961 560 1037 614 niam
1061 561 1120 615 fere
1145 560 1312 634 grandiores
1336 573 1436 632 erant,
1460 563 1519 633 jam
1545 581 1561 618 a
1594 564 1737 638 discipulis

146 633 301 706 proiectum
319 634 426 704 videri,
442 653 530 707 quum
545 654 604 691 non
617 639 765 711 probabile
782 643 919 698 aitHera-
962 649 1074 720 excerpi
1090 649 1175 720 coepti
1197 659 1277 716 sunt,
1297 667 1325 704 ν.
1347 650 1494 722 Koppium
1518 652 1589 706 blus.
1606 653 1734 708 Rhenan.

146 721 245 776 elidem
268 732 370 794 praeter
390 741 462 795 opus
480 720 547 800 Περὶ
566 723 618 780 τῶν
639 725 666 781 ἐν
684 721 794 784 Ἑλλάδι
814 725 916 786 πόλεων
961 733 1021 800 111,
1047 750 1063 787 a
1088 752 1120 806 p.
1150 751 1201 788 ror
1225 752 1288 807 sqq.
1314 735 1360 790 Sic
1384 737 1552 808 amplissima
1571 737 1737 793 Politiarum

144 825 265 862 seorsum
274 810 357 864 etiam
367 806 504 873 Πολιτιίος
510 811 656 883 scripsisse.
663 813 768 869 Verum
774 815 917 872 enimvero
961 819 1107 875 volumina
1124 821 1155 874 in
1169 837 1258 894 pauca
1276 823 1433 878 contulerat
1450 823 1545 878 neseio
1562 824 1625 896 quis
1646 827 1736 881 Hera·

143 905 287 950 auctorem
300 896 390 950 nostri
404 897 492 952 libelli
511 915 572 951 non
586 899 645 971 ipsa
660 901 816 957 Heraclidis
829 921 915 975 opera
961 904 1057 962 clides.
1082 906 1138 961 Sed
1162 908 1297 978 quoniam
1319 909 1365 963 vel
1386 926 1419 964 ea
1440 899 1572 982 excerpta
1595 910 1737 968 inferioris

143 999 287 1053 usurpasse
306 981 352 1054 (id
370 984 445 1038 enim
465 983 573 1040 ordinis
591 985 731 1043 desectum
746 1006 805 1043 non
821 989 918 1056 admit·
960 992 1046 1046 aetatis
1056 994 1275 1066 magistellorum
1289 1005 1402 1068 captum
1414 996 1604 1065 excedebant,
1619 997 1672 1051 t‘uit
1685 1001 1734 1070 qni

141 1067 235 1140 tere),
255 1068 306 1124 sed
322 1087 385 1122 ceno
403 1071 505 1137 medab,
528 1088 615 1142 quum
633 1074 741 1147 integra
765 1077 918 1132 Heraclidis
961 1077 1126 1133 Heracliden
1151 1098 1248 1136 rursus
1280 1082 1476 1150 contraheret,
1503 1083 1590 1137 bomo
1619 1086 1736 1140 nomine

141 1173 226 1228 opera
235 1155 345 1210 dudum
353 1158 509 1229 periissent,
521 1156 675 1231 fragmenta
686 1178 786 1216 eorum
791 1163 834 1216 vel
843 1165 914 1218 eclo·
959 1162 1087 1235 ignotus,
1101 1164 1152 1220 sed
1166 1168 1313 1238 imperitus
1323 1168 1454 1241 profecto
1466 1178 1494 1224 et
1505 1169 1677 1241 antiquitatis
1687 1172 1735 1226 vix

138 1259 182 1316 gas
193 1242 244 1296 hic
260 1243 317 1298 illie
328 1244 359 1298 in
375 1244 458 1299 variis
474 1243 552 1298 libris
568 1243 689 1318 dispersa
704 1247 855 1322 collegisse.
960 1251 1143 1309 mediocriter
1156 1273 1267 1328 guarm.
1285 1257 1318 1310 Ei
1332 1256 1460 1311 debetur·
1465 1255 1574 1328 quidqu
1579 1256 1607 1310 id
1620 1257 1676 1312 boc
1694 1269 1735 1314 est

175 1329 304 1384 emarus
315 1329 335 1383 l.
349 1330 368 1384 l.
383 1347 413 1402 p.
426 1326 477 1405 ρνζ’
492 1331 530 1384 ita
545 1331 631 1386 babet
644 1351 651 1386 ι
665 1329 782 1400 Auliou
795 1331 854 1410 περὶ
870 1337 915 1390 τοῦ
961 1338 1064 1407 libelli,
1080 1359 1139 1412 quo
1152 1340 1212 1396 fere
1225 1341 1332 1396 librarii
1345 1341 1456 1396 ultimas
1468 1342 1591 1414 pagellas
1602 1342 1734 1398 codicum

139 1411 344 1489 συγγράμματος
358 1415 436 1472 αὐτοῦ
452 1411 645 1492 (Ἡρακλείδου
654 1422 699 1474 τοῦ
715 1419 856 1494 Ποντικοῦ)
870 1423 915 1476 τοῦ
959 1425 1062 1479 AEliani
1076 1429 1140 1485 Var.
1158 1428 1228 1482 Hist.
1239 1429 1354 1500 explere
1370 1427 1443 1481 soliti
1455 1438 1529 1482 sunt.
1542 1430 1624 1482 Nunc
1636 1447 1669 1483 ex
1681 1431 1734 1485 bae

141 1497 351 1578 ἐπιγραφομένων
366 1498 433 1579 Περὶ
447 1501 593 1560 πολιτειῶν.
606 1503 652 1568 Εἰς
669 1501 702 1560 τὰ
717 1501 850 1578 σωζόμενα
869 1503 914 1562 κοιλ
958 1527 1118 1582 pannorum
1127 1515 1251 1570 exilitate
1261 1515 1422 1570 Aristotelia
1433 1515 1576 1586 opulentia
1591 1533 1663 1588 aegre
1674 1519 1733 1570 col·

138 1585 293 1660 ἰεδιδόμενα
307 1584 447 1645 dirimire
459 1585 570 1666 λείψανα
587 1588 629 1646 tls
643 1589 737 1667 ἔχομεν
748 1589 828 1648 πλέον
841 1590 914 1669 παρὰ
958 1597 1063 1670 ligitur.
1088 1601 1196 1671 Nempe
1214 1600 1320 1672 pariter
1337 1617 1372 1654 ex
1386 1601 1475 1654 Paulli
1495 1603 1628 1656 ramentis
1644 1605 1733 1658 Verrii

137 1671 248 1744 dlnffivd
263 1671 392 1752 λείψανα,
412 1674 456 1734 κοιλ
468 1673 560 1752 σχεδὸν
958 1684 1050 1738 Flacci
1068 1687 1157 1757 coplae
1177 1695 1334 1743 censentur.
1355 1686 1513 1754 sumamus,
1532 1695 1591 1740 tam
1608 1688 1735 1760 iniquam

562 1829 568 1840 ι
960 1769 1216 1842 t'orttrnamfuisse,
1230 1783 1263 1828 ut
1275 1774 1320 1828 vel
1331 1774 1405 1828 Festi
1418 1773 1562 1846 epitomen
1572 1774 1655 1828 nobis
1666 1776 1734 1829 inri-

244 1901 257 1912 .
326 1897 373 1946 ⁰3⁶,
455 1899 464 1946 ἶ
518 1827 708 1947 ῨἝΨΜἮ-
957 1855 1056 1925 disset,
1071 1875 1128 1930 qua
1140 1876 1271 1933 magnam
1279 1871 1388 1931 partem
1398 1870 1506 1915 servata
1521 1859 1667 1915 laetamur:
1684 1879 1733 1916 ec-

136 1997 138 2004 ,
178 1911 324 1959 Wm’n
372 1913 413 1946 m
424 1913 455 1946 m
474 1913 542 1946 m
566 1901 663 1961 mm
702 1981 706 1988 -
835 1999 841 2004 ,
958 1944 1022 2013 quis
1045 1943 1081 1998 de
1098 1945 1188 2000 Verrii
1206 1945 1298 2000 Flacci
1313 1945 1427 2017 copiosa
1443 1956 1472 1999 et
1486 1945 1595 1999 errrdita
1608 1945 1732 2018 disputa·

172 2027 208 2081 Et
220 2027 318 2100 paullo
326 2040 391 2101 post
405 2048 412 2083 ι
424 2028 469 2092 Εἰς
481 2025 567 2085 πολλὰ
579 2025 646 2106 μέρη
660 2025 779 2107 φαίνεται
792 2027 831 2086 ὅτι
844 2027 913 2095 ὅστις
957 2029 1034 2083 tione
1052 2047 1087 2084 ex
1106 2031 1195 2084 Paulli
1212 2031 1330 2102 penuria
1347 2029 1487 2102 judicium
1506 2029 1579 2085 serre
1597 2031 1734 2086 auderet?

135 2111 911 2196 ἐπίτιμετδούγγριιριμαῆτυνήδροισιτὰιῦρη-
955 2114 1130 2187 Nunehujus
1142 2117 1276 2172 misellam
1287 2118 1450 2172 brevitatem
1464 2135 1529 2171 cunr
1543 2119 1731 2175 lautitiaFesti

134 2197 230 2256 θέντα
244 2197 385 2278 λείψανα
394 2242 402 2273 ,
412 2199 507 2270 ἤλλαξι
517 2200 563 2258 xul
573 2199 620 2270 ιὴν
628 2201 722 2282 φράσιν
732 2202 777 2260 καί
787 2225 850 2260 ποτε
866 2201 912 2261 καὶ
955 2201 1729 2274 comparantibnsVerriiFlacci,aquobaeedefluxerunt,

134 2283 178 2354 τλν
191 2283 314 2343 leudem
329 2282 362 2361 μδ
375 2284 423 2356 ele
441 2285 578 2363 ἀσάφειαν.
593 2289 673 2346 Idem
688 2301 786 2362 postea
798 2293 827 2346 in
838 2293 909 2347 Pro·
954 2285 1089 2340 letissima
1101 2288 1213 2343 ubertas
1226 2290 1305 2360 quasi
1317 2307 1371 2361 per
1381 2288 1514 2342 nebulam
1532 2290 1674 2361 aspicitur.
1685 2292 1730 2346 Sic

134 2374 288 2449 legomenis
312 2374 349 2430 ad
369 2368 524 2430 Aiistote'lis
545 2377 663 2432 Politice
689 2377 785 2452 (Paris
809 2376 905 2454 ιδῃ)
955 2372 1188 2428 Heraclideorum
1199 2385 1398 2448 excerptorum
1409 2377 1532 2448 epitoma
1543 2393 1607 2430 cum
1621 2377 1730 2432 Aristo-

134 2479 161 2532 ρ.
181 2457 207 2535 γ’
227 2461 397 2533 posuithsec
414 2477 422 2518 τ
437 2457 652 2525 bebetetur
667 2459 910 2539 Ἀριστοτέλους
954 2459 1027 2514 teliis
1047 2461 1173 2533 reliquiis
1194 2461 1296 2518 collata
1315 2472 1449 2533 quantam
1466 2463 1497 2516 in
1514 2463 1624 2535 integro
1643 2481 1730 2536 opere

133 2543 313 2610 πολιτείας
332 2543 439 2601 πιθανὸν
458 2541 499 2601 ὅτι
517 2544 690 2622 ουνηρονίοθη
705 2545 735 2604 τὸ
749 2545 908 2626 σύγγραμμα
953 2543 1102 2600 fecerimus
1110 2546 1250 2617 jacturam
1264 2548 1441 2603 manifestum
1454 2544 1558 2602 reddit.
1575 2571 1587 2596 ν

134 2629 150 2699 ἢ
166 2631 270 2706 μᾶλλον
290 2630 367 2710 μέρος
380 2629 584 2711 συγγράμματος
601 2637 648 2690 τοῦ
663 2631 836 2712 Ἡρακλείδου
849 2633 909 2714 περὶ
992 2633 1028 2685 Iu
1043 2633 1224 2705 sequentibus
1243 2632 1473 2689 Schneidewinus
1491 2644 1640 2706 postquam
1663 2637 1730 2691 vitia

133 2720 270 2775 πολιτειῶν
282 2716 327 2774 ιιαλ
342 2717 409 2788 αὐτ-λ
423 2722 469 2776 τοῦ
483 2722 660 2794 Δαμασκηνοῦ
675 2719 833 2790 Nasidieni
851 2723 909 2782 lle·
952 2721 1106 2787 recensuit,
1119 2721 1222 2792 quibus
1239 2722 1378 2794 Excerpta
1390 2720 1534 2789 laborant,
1546 2723 1640 2794 pergit
1653 2721 1730 2778 buue

133 2803 247 2882 pridiani
268 2807 332 2864 ἐθῶν
349 2803 496 2882 συναγωγή.
513 2809 645 2866 Similiter
666 2810 857 2866 Gussnorrus
879 2811 908 2864 in
952 2805 982 2858 in
992 2805 1109 2860 modum
1120 2824 1129 2864 t
1141 2832 1154 2856 ι
1167 2809 1209 2862 Ita
1218 2825 1306 2880 quum
1319 2807 1448 2880 profecto
1459 2826 1520 2861 uon
1529 2806 1675 2881 magnifiee
1690 2809 1727 2863 de

131 2895 221 2948 latis
230 2891 335 2948 latro.
351 2893 440 2968 1829,
454 2905 523 2949 tom.
538 2895 585 2962 X,
597 2913 661 2968 a,p.
679 2914 732 2966 ¹7²
748 2913 781 2953 :i
798 2898 909 2952 Recen-
951 2905 1117 2965 excerptore
1124 2895 1251 2963 sentiam,
1262 2894 1338 2950 idem
1346 2892 1590 2949 tameudeseirisse
1603 2895 1726 2950 illumab

131 2993 190 3036 sent
202 2980 272 3034 harlt
285 2975 342 3035 den
353 2981 514 3036 Heraclides
527 2982 659 3036 Ponticus
668 2982 713 3036 fiir
728 2985 811 3038 einen
823 2983 906 3040 Com·
935 2978 1077 3044 ,instituto
1085 2982 1131 3035 vel
1137 2982 1341 3036 Aristotelisrel
1346 2980 1511 3047 Heraclidis,
1518 2980 1727 3052 disputationis-

131 3068 235 3140 pilator
257 3066 307 3122 det
323 3067 499 3135 Aristotcles,
515 3067 587 3123 oder
607 3069 741 3142 riehtiger
761 3069 808 3124 die
825 3081 908 3126 unter
951 3083 1006 3136 que
1016 3067 1146 3122 ordinem
1154 3069 1327 3124 strationem
1334 3069 1463 3124 evertisse
1471 3068 1540 3121 milri
1549 3085 1726 3138 nonpossum

130 3157 233 3211 seinem
248 3155 357 3210 Namen
375 3154 576 3211 rorhandeuen
596 3157 762 3230 Fragments
775 3157 822 3212 fiir
840 3160 904 3214 eine
949 3153 1126 3224 persuadere.
1146 3155 1353 3228 Excerptorum
1365 3156 1441 3210 enim
1457 3165 1499 3210 est
1517 3155 1673 3210 ubertatem
1692 3154 1726 3210 li·

132 3241 319 3316 mangelhafte
341 3241 530 3314 compilation
553 3259 601 3298 aus
621 3243 677 3298 den
701 3245 840 3299 Politleen
858 3244 908 3301 der
949 3239 1069 3296 brorum
1091 3243 1334 3316 excerpeudorum
1352 3253 1518 3310 extenuare,
1536 3243 1613 3297 salvo
1627 3243 1728 3298 ordine

132 3328 305 3384 Aristoteles.
325 3351 338 3378 a
364 3329 490 3385 Eandem
509 3331 675 3385 sententiam
687 3332 771 3386 etiam
787 3333 906 3388 sennar·
949 3344 1053 3385 rerum
1068 3328 1148 3385 Ordo
1161 3341 1273 3398 autem,
1287 3339 1424 3402 quantum
1436 3330 1468 3383 in
1483 3330 1580 3402 paullo
1598 3330 1726 3402 loeuple-

132 3431 264 3470 οιτιτιιιιιε
281 3414 460 3487 amplectitur
477 3425 506 3470 et
525 3415 627 3471 additis
640 3417 809 3492 argumentis
827 3435 907 3473 com·
950 3414 1069 3470 tioribns
1080 3418 1220 3488 excerptis
1230 3417 1413 3489 conspicitur,
1430 3417 1454 3470 is
1466 3428 1522 3486 est,
1534 3427 1567 3470 ut
1581 3418 1727 3487 praemissis

131 3504 254 3575 probare
269 3501 373 3558 studet.
392 3503 505 3556 Etenim
520 3513 670 3575 postquam
689 3521 791 3577 genera
811 3523 904 3560 renim
948 3502 1160 3574 antiquitatibus
1171 3503 1344 3575 historiaque
1358 3503 1503 3558 civitatum
1512 3502 1617 3557 deinde
1630 3503 1668 3558 ad
1681 3505 1725 3557 in·

130 3607 191 3660 qua·
204 3589 237 3642 in
257 3587 423 3642 Aristoteliis
441 3585 583 3644 [Ιολιτειῶν
597 3590 758 3664 fragmentis
778 3589 902 3647 admun-
948 3589 1045 3644 stitnta
1063 3600 1091 3644 et
1107 3607 1201 3645 mores
1213 3600 1242 3645 et
1260 3591 1284 3644 si
1303 3607 1360 3662 qna
1378 3600 1514 3662 preterea
1532 3589 1725 3645 memorabilia

131 3686 185 3740 tur,
205 3675 359 3740 recensuit,
387 3672 424 3727 ad
443 3675 574 3729 Nostrum
590 3695 620 3732 se
641 3687 807 3733 convertens
826 3680 865 3734 ait
893 3698 900 3734 :
947 3674 1123 3746 inciderunt,
1136 3675 1339 3732 batn-ansitns.
1363 3700 1376 3726 ν
1398 3675 1509 3731 Deinde
1528 3675 1565 3730 ad
1587 3693 1724 3730 summam

133 3762 245 3816 «illum
273 3778 359 3832 quem
378 3770 495 3816 conanus
514 3779 575 3817 sum
589 3762 730 3819 delineare
749 3766 903 3820 Aristotelii
944 3763 1523 3819 remaecedcnsScbneidewinuserineere
1531 3761 1633 3828 studet,
1643 3761 1722 3833 quod

130 3849 224 3920 operis
240 3847 370 3902 habitum
386 3858 574 3920 ornatumque
595 3850 644 3920 qui
662 3859 756 3904 mente
773 3869 905 3925 compre-
947 3849 1092 3926 bucusque
1103 3851 1215 3904 nonnisi
1230 3849 1340 3922 posuit,
1353 3849 1459 3904 scilieet
1473 3846 1629 3903 Heraclidis
1649 3847 1725 3922 frag·

129 3934 279 4002 henderit,
292 3935 316 3988 is
325 3935 376 3989 ubi
389 3934 426 3989 ad
438 3935 635 3991 Heraclideum
648 3936 752 3990 librum
765 3935 902 4008 devertet,
946 3948 1040 3990 menta
1058 3938 1152 3990 omnia
1174 3936 1211 3989 ab
1230 3936 1380 3991 Aristotele
1397 3944 1510 4005 accepta
1525 3949 1592 3991 esse.
1608 3933 1642 3988 ld
1656 3953 1724 3990 vero

128 4019 363 4094 compar-abitque
377 4020 465 4076 libelli
479 4019 559 4076 dotes
572 4041 636 4076 cum
651 4023 817 4077 Aristoteliis
833 4025 902 4091 illis,
946 4021 1132 4079 demonstrari
1144 4023 1250 4090 alteo,
1263 4017 1343 4092 quod
1357 4019 1524 4076 Heraclidea
1538 4037 1602 4073 cum
1612 4021 1723 4076 Aristo-

127 4109 262 4179 pusillum
283 4107 406 4180 aliquem
426 4108 604 4162 Aristotelem
622 4119 763 4182 agnoscet.
783 4110 903 4165 Tametsi
947 4109 1018 4164 teliis
1037 4109 1370 4183 congruantubicunque
1383 4107 1442 4162 haee
1454 4107 1588 4162 cumillis
1603 4125 1721 4180 compo-

127 4205 264 4266 quantum
282 4203 420 4248 mutamm
434 4194 470 4250 ab
485 4195 548 4249 illol
563 4195 619 4249 Pro
639 4196 750 4268 integro
763 4206 792 4250 et
807 4195 902 4252 valido
945 4213 1014 4252 nere
1026 4195 1118 4250 adhue
1130 4196 1222 4250 liceat.
1241 4193 1405 4250 Reeeosebo
1417 4193 1535 4266 singula.

126 4277 250 4356 corpore
269 4284 362 4356 imago
378 4294 506 4338 occursat
518 4283 642 4338 marcida
656 4293 684 4338 et
697 4284 877 4339 semimortua
892 4301 899 4341 :
985 4283 1094 4355 Fragm.
1110 4300 1135 4348 r,
1148 4301 1159 4336 ι
1179 4281 1261 4336 lones
1270 4279 1306 4334 ab
1315 4281 1385 4335 Ione
1399 4295 1503 4334 nornen
1512 4279 1628 4336 habent.
1638 4279 1717 4336 Idem

127 4371 211 4426 facies
230 4381 326 4424 tamen
339 4371 489 4442 voltusque
502 4371 539 4438 ii,
558 4379 589 4424 ut
606 4370 643 4426 de
656 4373 773 4444 pristina
787 4374 902 4428 minute
945 4370 1075 4423 norimus
1093 4385 1129 4423 ex
1148 4368 1307 4424 Aristotele.
1326 4397 1375 4409 ‚..
1394 4368 1442 4424 Fr.
1470 4365 1537 4434 ι,6
1568 4367 1721 4421 Pisistratus

126 4455 319 4526 conjecturam
331 4456 433 4528 capias.
450 4479 515 4504 r-
767 4511 771 4522 ,
946 4456 983 4511 33
1002 4474 1090 4512 anuos
1108 4457 1246 4530 regnavit.
1261 4455 1408 4511 Consentit
1426 4454 1589 4510 Aristoteles
1604 4453 1667 4508 Pol.
1684 4456 1718 4520 V,

169 4566 182 4589 ι
201 4543 341 4598 Gliscnte
354 4543 533 4599 multimdine
547 4543 685 4599 libroruin
703 4556 843 4617 auctoque
861 4546 902 4600 le-
945 4561 980 4616 9,
993 4542 1041 4598 23.
1053 4574 1092 4585 -
1107 4544 1155 4599 Fr.
1179 4558 1213 4608 a,
1229 4548 1245 4606 l.
1262 4541 1382 4596 Charilai
1395 4557 1515 4613 regnum
1530 4539 1654 4611 tyrannis
1665 4557 1718 4610 ap·

125 4627 209 4700 gendi
220 4628 466 4702 cognoscendique
474 4630 572 4686 labore
581 4647 666 4702 quum
677 4632 798 4702 antiquis
808 4631 901 4685 bomi-
943 4631 1075 4702 pellatur,
1083 4639 1117 4683 ut
1125 4627 1202 4700 apud
1211 4629 1327 4683 Aristot.
1343 4627 1403 4685 Pol.
1417 4629 1452 4694 V,
1469 4644 1517 4693 ιο,
1536 4624 1563 4681 3.
1576 4627 1721 4698 Lycurgus

124 4715 208 4769 nibus
218 4716 307 4770 multa
318 4717 471 4770 multorum
481 4719 573 4789 ampla
587 4718 729 4772 volumina
741 4716 900 4772 difficiliora
944 4711 1070 4792 κρυττδαν
1082 4716 1215 4780 instituit,
1228 4713 1309 4786 quod
1322 4711 1399 4767 idern
1410 4730 1445 4767 ex
1460 4713 1610 4768 Aristotele
1621 4729 1719 4766 narra-

126 4810 248 4856 trsetatu
262 4813 292 4858 et
309 4803 471 4858 molestiora
484 4805 658 4872 riderentur,
674 4805 780 4858 inventi
792 4815 900 4860 mature
945 4802 1037 4858 turfr.
1051 4801 1099 4859 80.
1114 4801 1319 4857 Lacedaemonii
1339 4799 1534 4872 Terpandrum
1550 4815 1719 4871 magnopere

125 4899 190 4942 sunt
200 4889 248 4960 qui
260 4887 373 4960 majoris
385 4890 503 4945 ambitus
511 4893 613 4964 scripta
625 4893 653 4944 ln
666 4893 806 4964 angustius
815 4909 899 4946 conr·
944 4891 1139 4958 honorarunt,
1151 4887 1232 4943 sicuti
1246 4888 1335 4960 liquet
1346 4887 1430 4941 etiam
1443 4903 1478 4940 ex
1490 4885 1606 4940 Aristot.
1620 4883 1654 4938 ir.
1668 4881 1717 4951 87.

126 4983 218 5028 tarent
237 4975 331 5048 itaque
353 4975 389 5032 ad
406 4995 534 5049 saporem
552 4977 628 5050 vulgi
649 4975 800 5033 redderent
821 4978 898 5032 babi-
951 5011 981 5020 --
995 4977 1041 5031 Fr.
1058 4974 1090 5041 3,
1109 4995 1120 5031 1
1142 4976 1234 5030 Minos
1247 4976 1355 5046 primus
1367 4972 1540 5028 Cretensium
1562 4969 1716 5042 legislator.

126 5059 207 5119 tora.
233 5065 358 5136 Suntque
386 5066 466 5120 tntilli
493 5067 641 5140 scriptores
669 5060 898 5142 πολυγραρώτεροι
943 5066 985 5118 De
1005 5063 1147 5118 eademne
1165 5062 1327 5118 Aristoteles
1345 5060 1408 5114 Pul.
1426 5060 1473 5125 ΙΙ,
1489 5076 1517 5126 7.
1533 5057 1630 5110 -Fr.
1648 5054 1715 5121 5,2
