3834 5767
800 391 1045 454 thensoro.
1664 411 1720 462 'sot

133 529 202 588 ἰδίαν
223 525 325 606 &dissip
348 523 435 604 ροινλν
457 525 558 595 δοῦναι,
579 522 618 582 διὸ
641 521 837 592 hildeboldus
854 527 902 594 την
949 526 1099 582 Chaldaas
1115 542 1209 600 seges
1239 527 1427 598 quarl'raginta
1449 535 1557 592 noveni,
1584 549 1723 606 annosque

131 615 208 674 πόλιν
218 616 358 686 κληθῆναι·
371 609 438 688 pred
449 611 477 670 dd
490 611 534 670 τὸν
548 608 733 686 κατακλυσμὸν
746 612 847 672 Τιτᾶνα
857 610 903 672 κα)
946 614 1160 686 quadringentos
1168 625 1196 668 et
1206 625 1360 686 octosupro
1366 618 1578 688 quinquaginta,
1619 619 1720 674 Postea

134 700 277 780 Προμηθέα
293 698 448 779 prolatori
494 695 653 774 Kelsbpls
668 702 714 767 τῆς
733 696 902 776 πυργοποιίας
946 711 975 750 et
994 697 1102 753 Arabes
1124 717 1217 753 norem
1233 717 1322 774 reges,
1345 717 1485 772 annosque
1503 702 1632 758 ducentos
1654 725 1723 778 qno-

132 788 296 865 Ἀλέξανδρος
307 792 390 844 ταῦτα
405 786 543 864 μαρτυρῶν
555 783 599 841 κα1
614 783 690 850 αὐτὸς
701 783 845 846 Βαθυλιῗινα
860 781 903 840 διὰ

131 875 179 946 τὴν
188 875 312 952 σύγχυσιν
325 875 452 943 κληθῆναι
461 871 509 942 τὴν
517 869 569 950 πρὸ
581 871 684 930 πολλῶν
698 869 829 949 μυριάδων
838 873 902 930 ἐτῶν

132 961 354 1038 μυθολογουμένην
367 961 432 1038 παρ’
442 961 527 1025 αὐτοῖς
541 957 764 1036 βιθιισιλιυκθναι.

171 1052 304 1107 Eusebius
317 1053 396 1105 Arm.
412 1066 444 1121 p.
462 1066 495 1118 17
508 1049 564 1102 mai
577 1063 584 1104 τ

170 1138 328 1193 Alexandri
339 1134 523 1205 Polyhistoris
535 1135 571 1187 dc
581 1137 660 1188 turris
670 1133 801 1202 aedificio.

170 1225 280 1296 Sibylla
293 1227 336 1276 ait
355 1239 448 1277 omnes
464 1220 588 1275 homines
607 1239 663 1274 una
683 1222 780 1293 lingua
794 1231 900 1276 utentes

131 1317 227 1366 urmim
244 1313 322 1365 illam
339 1310 520 1364 celsissimam
533 1311 699 1375 mauebse,
717 1319 748 1360 ut
761 1312 790 1362 irr
803 1309 902 1362 σιτίοισι

130 1399 356 1454 conscenderent:
366 1397 454 1452 Deum
460 1390 707 1464 uerofortissimum
712 1391 903 1465 uentoasflato

130 1487 247 1540 eandem
268 1488 363 1538 turrim
374 1483 518 1552 dejecisse,
538 1482 764 1554 peculiaremque
785 1482 904 1552 singulis

129 1590 284 1628 sermonem
298 1572 439 1636 tribuisse,
457 1569 571 1640 ideoque
588 1579 618 1622 ct
628 1569 720 1622 urbem
733 1569 902 1639 Babylonem

131 1679 190 1713 esse
196 1660 379 1732 appellatam.
393 1657 465 1711 Mos
470 1655 669 1728 postdilrroium
684 1657 812 1710 Titanum
822 1667 904 1728 atque

129 1746 321 1802 Prometheum
337 1747 493 1798 exstitisse:
509 1753 566 1798 tum
584 1748 669 1798 etiam
682 1762 702 1796 a
719 1744 817 1796 Titano
832 1744 904 1798 bello

129 1833 278 1886 Saturnum
291 1849 348 1886 esse
361 1835 524 1904 appetitum.
544 1829 588 1884 De
603 1833 683 1884 noris
697 1829 819 1902 adspicio
833 1829 903 1886 hac-

131 1930 209 2047 tensi&
206 1963 365 2053 1101110111ιί
386 1997 452 2050 huic
474 1995 539 2052 loco
560 1995 672 2068 loseph.
694 1997 789 2068 Antiq.
815 1998 845 2064 1,
869 2003 903 2064 1,,

130 2084 230 2140 sinen.
244 2086 274 2141 Ρ.
287 2085 320 2138 Ε.
333 2083 388 2153 IX,
404 2088 436 2146 11
450 2079 495 2156 (ρ.
509 2090 575 2151 417,
586 2080 638 2154 Β);
649 2083 786 2154 Epiphsn.
801 2085 902 2140 Heres.

130 2169 264 2242 13c5rttt.
276 2173 309 2226 111
318 2171 420 2225 Julian.
434 2169 457 2226 1.
471 2168 585 2242 proed.
599 2170 685 2241 Lips.;
698 2168 816 2227 Cedren.
826 2189 855 2242 p.
869 2189 900 2224 rr

131 2259 178 2314 ed.
193 2259 279 2314 Paris.
291 2257 483 2329 1647,sliique
494 2257 651 2329 scriptores,
665 2273 736 2327 quos
747 2257 820 2312 inter
829 2257 905 2312 Cho-

130 2345 364 2402 senensisflistos.
376 2346 399 2410 1,
411 2342 440 2399 θ.
449 2345 510 2398 iam
517 2353 547 2398 et
556 2344 585 2396 in
595 2339 732 2416 Sibyllino
740 2343 813 2398 libro
822 2345 903 2400 tertio

130 2450 159 2488 τ.
178 2432 214 2489 35
227 2450 288 2504 sqq.
301 2433 359 2486 bec
370 2431 509 2487 habentur·
524 2449 530 2484 ι
547 2426 643 2486 ὁπόταν
664 2426 778 2504 μιγαλου
794 2433 850 2486 θεοῦ
863 2450 904 2486 τι·

132 2513 357 2573 λέωνταιάττιιλαὶ
369 2538 395 2572 κ.
412 2537 440 2574 τ.
456 2515 486 2574 λ.
504 2537 515 2568 ι
532 2518 600 2572 Mar.
618 2516 662 2574 (11.
676 2515 853 2590 Abydenis.
873 2516 901 2576 5.

172 2757 265 2832 Pergit
283 2756 416 2814 Eusebius
434 2775 465 2830 p.
484 2775 517 2826 ¹7
536 2775 542 2812 :
567 2758 715 2816 Proedictis
733 2769 825 2814 autern
842 2757 905 2814 hac

132 2847 212 2902 addit
223 2846 296 2900 idem
306 2844 463 2915 Polybistor
475 2864 485 2899 .·
496 2869 509 2894 ι
520 2845 587 2900 Post
595 2846 724 2900 diluvium
735 2851 904 2920 imperitasse

131 2935 235 3006 registri
243 2930 439 2986 Chaldaeorum
448 2932 580 2986 liverium
596 2929 725 3008 (Εὐήχυον
736 2927 835 3008 Syoc.)
849 2952 903 2988 ne-

132 3024 170 3074 ris
182 3029 310 3091 quattuor
323 3019 408 3074 :inde
421 3023 565 3092 imperium
583 3029 726 3092 exceptum
740 3038 759 3074 α
763 3020 835 3092 filio
844 3027 904 3092 ejus

133 3105 314 3162 Chomasbelo
326 3109 398 3160 neris
416 3116 545 3178 quattuor
557 3123 617 3159 cum
635 3110 716 3160 sessis
732 3111 858 3182 quinque.
878 3111 905 3164 A

132 3192 267 3250 Xisrrthro
279 3203 337 3248 eta
348 3193 463 3262 diluvio,
473 3193 559 3248 donec
578 3192 658 3246 Medi
673 3192 843 3263 Babylonem
857 3213 904 3250 oc·

133 3290 279 3354 ruperunt,
309 3297 444 3334 summam
467 3297 562 3351 regum
585 3296 637 3332 sea
658 3297 743 3352 supra
766 3285 904 3354 octoginta

132 3377 263 3441 supputat
276 3366 446 3436 Polyhistor,
462 3367 633 3440 singulosque
646 3369 806 3422 nominatim
820 3385 836 3422 e
848 3369 902 3422 Be·

132 3461 188 3512 rasi
201 3455 269 3510 libro
281 3466 410 3510 recenset.
423 3457 470 3510 Ee
482 3454 578 3510 horum
597 3465 688 3508 autem
697 3459 819 3510 omnium
830 3468 903 3510 teta·

134 3543 206 3598 tibus
220 3554 273 3598 tres
283 3542 422 3612 myriades
436 3559 569 3596 annorum
581 3541 702 3613 conficit,
714 3551 904 3616 pratereaque

134 3647 221 3684 arsnos
235 3643 277 3684 ter
288 3629 364 3683 mille
375 3640 497 3682 etenum
511 3645 596 3700 supra
605 3632 760 3700 nonaginta
774 3626 822 3700 (r).
842 3629 906 3684 Post

135 3715 183 3770 hos
194 3720 244 3789 qui
252 3719 416 3772 successione
427 3719 585 3770 inconcussa
595 3733 708 3787 regnum
716 3715 902 3786 obtinuerant,

134 3804 279 3876 derepente
291 3802 391 3856 Medos
401 3802 521 3856 collectis
531 3803 615 3873 copiis
622 3801 793 3870 Babylonem
803 3807 906 3876 cepisse

134 3896 188 3954 ait,
208 3890 297 3962 ibique
310 3889 345 3942 de
353 3893 410 3942 suis
422 3899 552 3958 qrannos
571 3892 751 3942 constituisse.
765 3891 840 3944 Hinc
853 3907 904 3944 no-

45 3983 50 3993 '
135 3981 210 4032 rrsina
221 3993 325 4050 quoque
340 3987 516 4046 &sannorum
530 3975 676 4030 Medorum
689 3975 814 4030 edisserit
829 3986 900 4044 octo,

134 4081 274 4137 murosque
286 4082 377 4118 eorum
388 4065 488 4135 uiginti
498 4073 627 4135 quattuor
637 4079 721 4135 srgora
731 4063 860 4118 drtcemor
872 4082 906 4117 ac

135 4169 227 4204 rursus
236 4151 362 4204 undecim
374 4167 454 4220 reges
465 4159 494 4204 et
504 4166 592 4204 annos
601 4147 673 4224 [octo
683 4167 768 4222 supra
785 4152 904 4223 quodra-

134 4242 226 4310 ginta.
238 4237 303 4290 lisso
317 4255 351 4291 ex
365 4237 500 4310 margine.
515 4237 549 4292 111
560 4237 626 4292 cod.
649 4235 768 4312 lacuna]
787 4249 862 4292 :tuas
880 4248 908 4292 et

137 4417 281 4480 Babylonem
302 4415 333 4466 ab
344 4415 450 4465 eoruirr
466 4427 495 4464 es
512 4415 651 4464 contusione
665 4415 794 4464 vocitatam
812 4415 907 4477 mabit,

136 4507 211 4558 qoam
228 4495 326 4556 imanes
338 4494 394 4542 ente
409 4493 488 4554 plosor
498 4489 616 4553 myriadas
624 4504 741 4542 mooruor
755 4491 801 4542 sub
810 4491 909 4555 imperio

137 4570 321 4633 Babyloniorum
331 4568 396 4632 finnt
404 4567 528 4618 exstitisse.
654 4573 657 4580 ·

504 4711 546 4760 rt.

169 4839 207 4890 Ab
224 4851 287 4888 sono
304 4839 420 4900 presente
436 4835 521 4886 mundi
543 4839 603 4888 2405
620 4835 755 4888 1111111111
778 4833 911 4896 polyhistor

139 4915 307 4966 coaldaeosum
316 4927 416 4976 remum
433 4913 487 4976 post
502 4911 618 4962 diarium
628 4911 768 4962 contionata
779 4911 839 4960 serie
854 4923 911 4974 pro·

140 4995 252 5056 pugnam
262 4992 496 5052 mmootoor,
505 4990 626 5051 odogiota
634 5001 676 5040 ser
687 4988 854 5042 chaldeorum
864 4991 911 5038 lde·

139 5066 911 5132 oomnqmrssayerqomtnnsoonrm,uuosometsos

141 5160 223 5197 sorurn
231 5145 316 5196 seriem
323 5145 503 5196 aonismlllibut
511 5144 726 5206 trigintaquattoor
738 5141 910 5204 etnooogioia,

947 783 1083 854 draginta
1113 789 1240 858 quinque.
1279 786 1381 839 Hamas
1405 804 1539 842 annorum
1570 798 1724 847 recensione

945 873 1120 942 perscripta,
1142 871 1179 926 de
1201 871 1388 926 Samiramide
1406 891 1512 946 quoque
1538 889 1638 930 narrat
1661 897 1725 950 quoe

948 960 1094 1029 imperarit
1104 957 1224 1026 Assyriis
1240 955 1289 1032 (κ).
1302 959 1471 1032 Rursumque
1481 961 1609 1018 distincte
1621 965 1725 1018 admo-

947 1042 1012 1095 dum
1022 1048 1135 1097 nomina
1143 1061 1237 1114 regum
1247 1045 1562 1122 quadragintaquinque
1569 1065 1718 1118 enumerat,

948 1131 1033 1200 iisque
1054 1148 1142 1184 annos
1159 1131 1253 1184 tribuit
1266 1135 1368 1204 uiginti
1377 1151 1428 1186 see
1447 1151 1531 1208 supra
1553 1141 1723 1210 quingentos.

946 1212 1015 1267 Post
1024 1212 1073 1268 iras
1081 1221 1125 1268 ait
1132 1221 1269 1270 exstitisse
1281 1215 1478 1272 Chaldaeorum
1489 1239 1596 1294 regem,
1616 1225 1661 1278 cus·
1673 1243 1725 1277 no-

947 1317 1010 1352 men
1022 1299 1130 1355 Pbulus
1144 1313 1206 1356 erat
1220 1322 1229 1354 :
1244 1321 1324 1376 quern
1346 1305 1527 1360 Hebrceorum
1551 1327 1657 1380 quoque
1674 1311 1723 1363 lti-

947 1391 1031 1442 storia
1048 1402 1194 1456 memorat,
1220 1409 1352 1464 quemque
1372 1395 1436 1446 item
1455 1393 1574 1448 Phulum
1586 1399 1722 1470 appellor.

947 1473 998 1525 Hic
1015 1474 1147 1531 Judoeam
1164 1480 1293 1531 invasisse
1311 1479 1420 1534 dicitur.
1441 1479 1548 1534 Deinde
1567 1480 1727 1552 Polyhistor

947 1557 1157 1616 Senesberibum
1168 1567 1377 1636 mgnopotitum
1387 1580 1445 1617 esse
1454 1567 1514 1616 ait:
1524 1583 1603 1638 quern
1614 1569 1724 1640 quidem

948 1646 1125 1702 Hebroeorum
1131 1649 1194 1702 libri
1199 1659 1360 1721 regnantem
1370 1645 1494 1717 referunt
1498 1655 1651 1723 imperante
1661 1655 1727 1710 Eze-

948 1730 1015 1785 chia
1028 1747 1058 1788 et
1060 1735 1245 1808 prophetante
1256 1737 1344 1790 lsaia.
1356 1738 1405 1789 Art
1414 1747 1506 1790 autem
1513 1739 1613 1794 diserte
1622 1743 1727 1796 divium
1843 1764 1852 1778 ·

950 1818 1020 1872 liber
1033 1816 1136 1895 (Regg.
1154 1823 1203 1892 IV,
1224 1823 1270 1888 rb,
1295 1820 1346 1895 13)
1365 1840 1372 1875 r
1392 1845 1405 1871 ι
1426 1825 1508 1879 Anno
1520 1827 1726 1897 quartodecimo

949 1903 1079 1959 Ezechiae
1092 1912 1167 1978 regis
1184 1908 1340 1962 ascendisse
1358 1906 1571 1965 Senecheriburn
1592 1914 1634 1966 ad
1647 1913 1726 1968 urbe-r

948 1990 1191 2062 Judaeaemunitas,
1205 2011 1305 2066 easque
1313 1997 1425 2066 cepisse.
1439 2019 1451 2044 »r
1466 1995 1550 2065 Cujus
1560 2004 1726 2074 reiperacta

949 2074 1076 2144 historia,
1102 2079 1225 2134 subdit:
1246 2105 1258 2128 ι
1276 2077 1319 2136 Et
1339 2085 1464 2154 regnarit
1475 2084 1632 2139 Asordanes
1642 2086 1726 2158 filius

949 2167 1009 2233 ejus
1015 2182 1068 2236 pro
1079 2183 1110 2219 eo
1123 2162 1199 2239 (cap.
1216 2183 1261 2236 19,
1274 2165 1308 2234 37
1316 2164 1334 2239 ).
1351 2189 1363 2212 ι
1378 2168 1531 2240 Rursusque
1541 2188 1673 2243 pergens,
1690 2191 1725 2227 ea

949 2259 1108 2321 tempestate
1117 2255 1157 2304 ait
1167 2263 1316 2322 (egrotasse
1325 2251 1475 2306 Ezechiam
1485 2254 1524 2324 (c.
1538 2272 1584 2324 no,
1598 2258 1638 2328 ρ).
1658 2259 1725 2312 Tum

948 2342 1034 2392 ctiam
1043 2339 1191 2393 ordinatim
1200 2340 1295 2392 eodem
1310 2349 1431 2410 tempore
1441 2341 1648 2396 Marudachum
1660 2345 1726 2398 Bal·

948 2425 1051 2478 danem
1064 2425 1280 2496 Babyloniorum
1294 2441 1386 2497 regern
1405 2429 1510 2480 misisse
1525 2439 1646 2482 oratores
1663 2449 1725 2486 cum

953 2511 1039 2564 literis
1051 2523 1078 2565 et
1086 2512 1242 2565 muneribus
1252 2511 1293 2564 ad
1303 2509 1454 2566 Ezechiam
1464 2512 1507 2585 (c.
1521 2531 1568 2584 no,
1588 2513 1645 2588 ro).
1656 2517 1726 2571 liceo

950 2598 1065 2651 tradam
1077 2598 1255 2652 Hebraeorum
1263 2601 1415 2672 scriptura.
1425 2600 1463 2652 Et
1472 2599 1578 2674 quidem
1587 2599 1724 2656 Seneche·

950 2685 1421 2757 ribam,cumcujurfilioAsordone
1427 2704 1538 2742 necnon
1546 2689 1733 2743 Mansdocho

950 2770 1092 2838 Boldane,
1130 2771 1329 2827 chaldeorum
1355 2790 1461 2844 quoque
1485 2771 1721 2850 historiographus

949 2867 1106 2909 memorat:
1120 2875 1181 2910 cum
1196 2857 1292 2928 quibus
1304 2861 1390 2911 ctiam
1410 2857 1718 2925 Nabuchodonosorum,

949 2947 989 2994 uti
1008 2959 1074 2996 mas
1092 2943 1205 3000 dicetur.
1229 2944 1290 2998 Hoc
1310 2955 1401 2998 autern
1418 2947 1569 3000 rationede
1589 2951 1622 3001 iis
1634 2947 1725 3002 scribit

951 3025 987 3104 (v.
999 3027 1035 3082 fs.
1051 3027 1107 3102 12).

989 3109 1027 3189 (1)
1042 3115 1108 3168 Haec
1119 3114 1293 3170 emendanda
1305 3132 1341 3170 ex
1352 3116 1483 3189 Syncello
1497 3136 1528 3190 p.
1543 3117 1620 3188 yse
1631 3133 1642 3176 t
1656 3081 1747 3177 ms

949 3193 1053 3276 ξανθρος
1069 3197 1248 3279 θΠολυΐστωρ
1260 3201 1291 3258 ln
1303 3200 1377 3256 τοῦδε
1389 3204 1433 3257 τοῦ
1443 3201 1506 3280 ‘bus'
1516 3208 1640 3279 κωμικοῦ
1654 3201 1731 3270 ἔτους,

951 3282 1071 3360 βούλεται
1086 3283 1165 3344 ιτᾶλιν
1178 3283 1226 3358 την
1249 3284 1317 3360 perd
1329 3285 1373 3344 τὸν
1387 3285 1571 3362 κατακλυσμὸν
1582 3291 1634 3345 τῶν
1651 3291 1726 3350 Χαλ·

949 3368 1028 3427 δαίων
1052 3369 1186 3448 βασιλείαν
1206 3369 1397 3450 κατάρξασθαι,
1413 3375 1560 3450 μυθολογῶν
1581 3372 1624 3432 διὰ
1638 3375 1734 3448 σσὶριον1

949 3457 994 3513 καὶ
1007 3455 1091 3535 νήραιν
1103 3457 1147 3516 καὶ
1160 3455 1269 3515 σώσασιν
1285 3456 1499 3540 βεθασιλτυκέναι
1519 3457 1660 3518 Χαλδαίων
1677 3461 1723 3518 nai

949 3542 1049 3614 Μήδων
1070 3545 1185 3622 βασιλεῖς
1215 3544 1260 3602 ττσ’
1281 3546 1308 3602 ἰν
1330 3545 1487 3624 τρισμυρ1οις
1509 3543 1577 3602 ἔτεσι
1600 3545 1656 3604 καλ
1677 3548 1726 3625 ,blf

953 3631 1087 3707 (34090),
1107 3631 1175 3688 τοῦτ’
1194 3629 1263 3688 ἔστιν
1280 3631 1307 3687 1ν
1327 3631 1414 3709 σάροις
1434 3631 1457 3688 θ’
1471 3631 1516 3688 καὶ
1529 3630 1615 3710 νήροις
1635 3633 1660 3712 β’
1676 3633 1722 3691 κα)

951 3714 1060 3782 obesos<
1069 3715 1129 3786 η’...
1152 3715 1217 3775 Ἀπθ
1230 3716 1257 3774 δὲ
1275 3715 1365 3774 τούτου
1375 3721 1420 3775 τοῦ
1438 3716 1531 3795 χρόνου
1541 3720 1593 3774 τῶν
1607 3717 1656 3781 σις’
1667 3721 1675 3795 f
1682 3717 1735 3776 δύο.

953 3801 1080 3881 (δεύτερον
1102 3804 1178 3878 libri)
1203 3803 1251 3878 μὲν
1273 3803 1413 3862 Χαλδαίων
1443 3802 1579 3881 βασιλέων,
1605 3803 1722 3882 Εθηχθου

951 3889 996 3948 καὶ
1013 3887 1214 3964 Χοιμαοθήλου,
1236 3887 1281 3946 nb‘
1304 3888 1331 3947 bl
1351 3889 1466 3965 Μήδων)
1488 3889 1662 3968 Ζωροάστρην
1682 3889 1726 3948 καὶ

952 3975 1011 4042 τοὺς
1032 3978 1090 4050 μετ’
1105 3975 1183 4034 αὐτὸν
1204 3975 1232 4042 ζ’
1254 3975 1394 4036 Χαλδαίων
1413 3979 1529 4056 βασιλεῖς
1545 3975 1656 4053 εἰσάγει,
1681 3977 1725 4046 ἔτη

955 4062 1136 4141 κρατήσαντας
1150 4061 1246 4132 hirenis
1259 4061 1308 4141 pl‘,
1320 4065 1334 4120 θ
1345 4060 1422 4128 αιἰτθς
1442 4061 1613 4141 Πολυίστιορ,
1625 4065 1673 4122 αιἰκ
1687 4063 1733 4123 ἔτι.

952 4147 996 4208 διὰ
1009 4149 1095 4229 σᾶρων
1112 4147 1157 4208 καὶ
1168 4148 1253 4227 κη’ρων
1264 4149 1309 4208 κα)
1321 4147 1430 4208 ebosus
1442 4149 1488 4208 καὶ
1500 4153 1545 4220 τῆς
1562 4151 1653 4220 λοιπῆς
1666 4148 1727 4207 ἀλθ,

952 4257 999 4312 you
1012 4238 1119 4311 μυθικῆς
1130 4233 1255 4313 ἱστορίας,
1269 4232 1338 4292 ἀλλὰ
1351 4232 1394 4294 bib
1409 4235 1523 4304 ἡλιακῶν
1535 4235 1608 4293 ἐτῶν.

952 4417 999 4466 troc
1012 4419 1049 4468 est
1064 4417 1124 4468 uris
1134 4429 1238 4477 norem,
1251 4417 1315 4466 neris
1325 4415 1420 4470 duobos
1428 4418 1453 4466 a
1471 4415 1542 4466 souis
1553 4418 1609 4466 orto
1619 4430 1729 4480 regnam

953 4495 1110 4542 commentis,
1126 4493 1163 4543 Ab
1176 4495 1284 4555 tempore
1298 4492 1417 4554 octoginta
1432 4505 1473 4542 ser
1490 4493 1643 4554 prelatorum
1655 4495 1728 4556 (quo-

953 4583 1007 4618 rom
1016 4569 1078 4632 duo,
1089 4569 1208 4618 lioeclrios
1216 4568 1306 4618 scilicet
1314 4570 1339 4618 el
1350 4567 1522 4618 cnomuhetus
1529 4604 1537 4630 ,
1545 4565 1727 4632 chaldeorum,

954 4647 1040 4710 reliqui
1054 4646 1175 4710 octoginta
1190 4649 1304 4709 maltum
1324 4645 1449 4696 Medorum
1462 4659 1530 4708 reges
1545 4650 1626 4708 erant)
1639 4651 1727 4698 zoroa-

952 4726 1026 4773 strem
1039 4726 1065 4773 et
1075 4725 1164 4786 septem
1173 4723 1341 4774 chaldeorum
1353 4734 1420 4784 reges
1426 4735 1483 4772 coar
1490 4726 1605 4785 ιτηυιιιοι
1614 4725 1683 4772 sums
1691 4737 1728 4772 so·

954 4802 1044 4852 lanbus
1061 4801 1441 4865 immanissimum·
1454 4801 1530 4862 τιὰ,
1545 4801 1729 4854 ursam

954 4881 1081 4943 mimouve
1096 4882 1211 4932 iabolose
1225 4881 1330 4930 bbtmire
1346 4879 1545 4940 memnonos,
1564 4878 1613 4928 ssd
1624 4878 1729 4940 Ιιιρθιυυ

954 4957 1066 5006 solarium
1084 4970 1200 5008 sonorum
1219 4969 1292 5008 corso
1306 4956 1387 5008 11111111
1404 4955 1544 5006 commodi
1562 4953 1727 5013 rationato-

955 5037 1057 5098 lytristos
1067 5036 1131 5086 iden
1142 5037 1243 5088 hosat.
