3834 5767
171 373 185 407 ν
313 354 901 547 xatsuoxuuus
944 355 1495 507 xxauuuuus.
1594 466 1600 476 ,

769 680 1051 717 4...

170 907 256 962 Suidas
269 924 277 959 ι
290 900 473 982 Ἀριστόξενος,
486 901 539 965 ulit
561 902 678 971 Μνησίαν
696 907 741 959 τοῦ
760 901 805 959 καί
827 902 887 978 (καὶ

138 1014 186 1047 om.
199 992 297 1049 Eudoe.
311 1012 342 1065 p.
360 987 410 1065 ρο)
426 987 589 1063 Σπινθάρου,
605 993 744 1063 μουσικοῦ,
764 988 817 1044 άπὸ
830 988 888 1048 Τά·

137 1100 212 1154 ρεντος
224 1081 265 1146 τῆς
277 1074 401 1140 Ἰταλίας.
416 1073 561 1153 Διατρίψας
573 1074 596 1131 δ’
613 1076 640 1131 ir
654 1072 797 1151 Μαντινείᾳ
815 1072 887 1153 prid·

136 1188 200 1243 αορος
211 1164 309 1239 pipere,
323 1162 369 1220 καὶ
382 1164 494 1238 μουσικῇ
506 1160 653 1236 ἐπιθέμενος
670 1162 717 1217 οὐκ
729 1161 887 1238 ἧττόχηαεν,

136 1251 245 1319 ἀκουστὴς
254 1255 297 1307 mii
312 1271 341 1306 τι
351 1248 449 1326 πατρὸς
458 1248 504 1304 καί
523 1246 651 1326 Λάμπρου
663 1252 707 1305 τοῦ
720 1246 887 1326 Ἐρυθραίου,

136 1330 181 1394 dra
192 1337 328 1417 Ξενορίλου
341 1340 386 1391 τοῦ
405 1333 582 1411 Πυθαγορείου
594 1337 640 1391 καὶ
656 1332 726 1397 τίλας
739 1332 888 1409 Ἀριστοτί-

135 1426 195 1489 ime·
211 1425 244 1489 τίς
258 1421 286 1479 δν
307 1420 469 1479 ἀποθανόντα
492 1419 598 1499 ὖόριαε,
619 1420 684 1477 διότι
703 1418 827 1476 κατίλιπι
842 1422 888 1487 τῆς

134 1512 214 1587 spolii<
223 1510 343 1586 διάδοχον
364 1506 550 1585 Θιάρραατον,
574 1508 653 1564 αὐτοῦ
674 1504 749 1572 δόξαν
770 1503 886 1582 μεγάλην

135 1597 157 1650 is
166 1600 211 1661 τοῖς
223 1598 361 1671 ἀκροαταῖς
370 1596 423 1657 τοῖς
438 1591 625 1669 Ἀριοτατίλους
640 1589 751 1669 ἔχοντος.
794 1588 887 1665 Γίγονι

134 1680 207 1737 ittet
223 1684 274 1738 τῶν
294 1679 463 1756 Ἀλεξάνδρου
483 1679 528 1736 nol
548 1682 599 1737 τῶν
619 1677 759 1753 μετέπειτα
772 1676 888 1755 χρόνων,

133 1773 161 1831 ὣς
178 1760 237 1825 εἶναι
256 1767 310 1825 snt
331 1766 394 1843 (ἐπὶ
411 1768 530 1841 Bernh.)
551 1770 598 1835 τῆς
621 1764 670 1844 ρια’
697 1762 888 1838 Ὀλυμπιάδος,

133 1854 254 1932 rumperes
267 1853 420 1933 Δικαιάρχῳ
437 1856 474 1930 τῷ
490 1851 641 1929 Μεσαηνίῳ.

163 1944 318 2015 Spintharos
337 1940 389 2016 (Ἴ,
414 1958 499 2013 quem
518 1957 658 1993 unacum
677 1940 845 1994 Aristoxeno
860 1950 889 1992 et

133 2030 293 2101 lleuophilo,
304 2029 365 2082 aliis
373 2029 446 2081 iuter
457 2027 622 2080 clarissimos
631 2026 751 2079 musicos
763 2034 889 2079 recenset

134 2117 242 2171 Miauus
254 2118 289 2171 N.
305 2120 359 2169 An.
380 2114 424 2182 ll,
449 2132 500 2181 11,
520 2123 601 2185 pater
620 2111 779 2167 Aristoxeni
799 2112 888 2165 nostri

137 2204 262 2256 Tarentini
270 2201 317 2275 (ef.
327 2201 423 2273 Steph.
433 2202 465 2255 B.
475 2219 505 2255 ν.
518 2197 616 2275 Τάρας)
626 2198 729 2253 dicitur
740 2198 815 2271 apud
821 2199 890 2253 Dio·

134 2306 217 2360 genem
230 2290 264 2343 L.
288 2289 332 2354 11,
353 2305 390 2341 uo
407 2284 448 2359 (ν.
464 2286 500 2340 fr.
523 2284 580 2359 26)
598 2297 627 2339 et
639 2286 753 2339 Sextum
766 2285 890 2356 Empiri-

934 900 1000 976 μήτι
1014 902 1119 960 πλείονα
1133 901 1298 979 γινώσκοντι,
1312 902 1373 978 μήτ’
1389 904 1513 963 ἐλάττονα
1527 908 1704 985 ρθεγγομένῳ.

933 992 975 1046 Cf.
989 994 1100 1046 Jonsius
1117 994 1176 1048 Ser.
1187 995 1250 1047 hist.
1263 993 1313 1065 ph.
1326 995 1351 1062 1,
1369 1002 1412 1059 ¹4·

977 1100 989 1126 ι
1004 1079 1064 1148 Qua
1077 1078 1112 1133 de
1126 1098 1207 1134 causa
1218 1091 1266 1135 aut
1280 1098 1337 1151 quo
1354 1090 1481 1152 tempore
1495 1081 1663 1134 Mantineam
1679 1094 1707 1135 se

933 1166 1084 1219 contulerit
1104 1168 1300 1233 Aristoxenus,
1316 1166 1395 1238 quod
1407 1168 1509 1237 reliqui
1529 1178 1657 1221 auctores
1672 1166 1707 1221 de

933 1267 967 1304 eo
976 1250 1071 1319 silent,
1083 1264 1161 1307 certo
1171 1253 1227 1308 dici
1237 1255 1345 1324 nequit.
1356 1256 1547 1308 Veruntamen
1557 1272 1617 1307 non
1626 1254 1707 1307 valde

932 1354 948 1389 a
963 1356 1030 1391 vero
1045 1338 1137 1393 abesse
1151 1338 1282 1393 videntur
1297 1357 1359 1410 qua
1373 1338 1442 1393 dicit
1463 1338 1562 1393 Suidas
1582 1358 1589 1392 ε
1606 1342 1707 1393 namsi

933 1422 1003 1494 quid
1024 1424 1164 1495 conjicere
1183 1426 1277 1491 liceat,
1290 1426 1458 1479 Mantineam
1469 1426 1628 1497 petieritad
1646 1425 1707 1480 edi-

932 1508 1062 1565 scendam
1072 1510 1213 1565 Arcadum
1222 1512 1366 1579 musicam,
1377 1512 1482 1582 quippe
1492 1510 1519 1563 hi
1527 1552 1534 1579 ,
1543 1521 1574 1565 ut
1584 1530 1617 1566 ex
1625 1511 1708 1567 histo·

934 1596 999 1649 eicis
1009 1598 1152 1663 novimus,
1171 1596 1253 1667 hujus
1267 1597 1333 1649 artis
1346 1596 1503 1668 peritissimi
1516 1596 1707 1669 habebantur,

933 1700 1021 1753 quare
1035 1681 1070 1736 de
1088 1684 1121 1736 iis
1133 1684 1265 1756 Virgilius
1278 1683 1336 1738 Ecl.
1352 1682 1378 1737 X
1384 1723 1393 1751 ,
1407 1680 1442 1735 33
1455 1681 1523 1735 dicit
1539 1700 1546 1735 :
1568 1682 1629 1737 Soli
1640 1702 1708 1737 cun-

934 1779 994 1821 tare
1004 1775 1091 1841 periti
1104 1760 1237 1824 Arcades.
1256 1794 1267 1817 υ
1283 1770 1395 1837 Manna,
1410 1788 1440 1841 p.
1460 1788 1503 1823 rr.
1519 1770 1645 1825 Fortasse
1658 1789 1705 1824 co·

936 1868 1035 1927 gnatos
1049 1858 1079 1909 in
1091 1858 1286 1929 Peloponneso
1306 1856 1420 1923 hahuit,
1435 1854 1466 1909 id
1478 1854 1558 1927 quod
1573 1857 1657 1911 etiam
1672 1856 1708 1911 de

933 1943 1097 1996 Dicaearcho
1108 1946 1252 1997 statuimus
1267 1950 1308 2011 (v.
1324 1960 1388 2015 pag.
1402 1938 1459 1996 225
1473 1940 1498 2014 ),
1511 1958 1576 1994 cum
1593 1959 1650 2013 quo
1665 1941 1707 1995 fa-

934 2028 1123 2083 miliaritatem
1147 2032 1250 2085 Nostro
1273 2029 1451 2083 intercessisse
1473 2026 1539 2082 inde
1553 2028 1706 2100 colligitur,

934 2113 1014 2185 quod
1029 2116 1182 2169 Dicaearchi
1196 2115 1231 2170 ad
1250 2116 1450 2169 Aristoxenum
1464 2114 1609 2187 epistolam
1626 2132 1705 2167 eom-

933 2210 1072 2255 memorat
1083 2201 1181 2255 Cicero
1194 2202 1246 2272 Ep.
1258 2199 1294 2254 ad
1304 2204 1361 2257 Att.
1377 2200 1449 2266 XII,
1462 2198 1497 2253 32
1514 2196 1561 2273 θ’).
1576 2201 1610 2253 In
1624 2200 1705 2253 Pelo·

933 2304 1061 2358 ponneso
1075 2285 1178 2361 degens
1196 2288 1377 2341 Aristoxenus
1392 2286 1523 2339 convenit
1541 2286 1706 2356 Dionysium

134 2392 185 2427 curu
195 2374 264 2429 Adr.
279 2374 413 2427 mathem.
426 2374 464 2429 vl
474 2414 482 2439 ‚
493 2391 521 2445 p.
537 2370 593 2441 357
610 2369 700 2443 (Καθδ
713 2367 759 2426 καί
773 2367 889 2448 'ripense'-
931 2373 1091 2447 juniorem,
1107 2374 1156 2445 qui
1170 2391 1244 2427 anno
1260 2370 1315 2435 343
1331 2390 1356 2429 a.
1370 2371 1402 2427 C.
1419 2370 1584 2426 Corinthum
1599 2371 1705 2427 abierat

133 2454 189 2520 ξινυι
207 2456 251 2515 riv
275 2457 423 2534 Σπινθάρου
448 2454 558 2532 λίγομιν
581 2445 646 2512 εἶναι
669 2454 820 2532 μουσικόν).
846 2459 889 2511 De

133 2547 221 2601 Moesia
234 2544 348 2599 aliunde
361 2562 420 2597 non
439 2555 557 2600 constat.
580 2545 743 2615 Vereorque
757 2558 792 2596 ne
811 2543 862 2596 ista
879 2558 886 2598 τ

134 2630 236 2699 Μνησίαν
246 2634 292 2687 τοῦ
303 2626 349 2685 καὶ
363 2625 510 2706 Σπινθάρον
521 2629 593 2684 male
601 2647 631 2684 se
643 2630 774 2685 habeant.
786 2628 890 2700 Saepius

134 2720 194 2771 mim
214 2718 244 2772 lit
262 2729 296 2772 ut
314 2736 349 2771 eo
368 2716 456 2770 modo
477 2716 585 2771 diversa
605 2714 820 2789 conjungantur.
839 2715 890 2767 Di-

135 2804 241 2859 cendum
252 2802 432 2857 hauddubie
453 2814 513 2857 erat
534 2821 541 2857 ε
555 2798 676 2869 Μνησίαν
697 2798 714 2869 ἢ
729 2796 887 2874 Σπινθάρου.

134 2890 185 2945 lloc
198 2910 263 2945 vero
275 2891 370 2945 nascio
383 2908 418 2944 an
435 2890 474 2942 ita
491 2888 526 2942 sit
542 2888 757 2960 explicandum,
771 2898 804 2941 ut
815 2886 890 2953 Men·

133 2972 180 3039 αίες
201 2994 346 3050 perperam
370 2975 407 3031 ad
430 2976 612 3030 Tarentinum
637 2974 775 3041 trahatur,
800 2992 889 3044 (prum

133 3065 255 3131 pertineat
266 3062 304 3117 ad
315 3063 512 3117 Aristoxenum
524 3062 687 3133 Cyrenaeum
700 3057 750 3133 δ”)
762 3060 890 3132 philoso-

133 3148 222 3217 phum,
230 3149 372 3202 hominem
381 3147 576 3215 delicatulum,
587 3145 623 3200 de
633 3165 691 3218 quo
700 3147 892 3231 m'Athenaeus

134 3235 158 3301 l,
171 3254 198 3307 p.
218 3254 248 3304 7,
262 3246 290 3289 et
309 3236 358 3307 qui
377 3236 542 3288 Athenaeum
565 3233 769 3306 exscripserunt
792 3231 891 3287 Suidas

133 3339 183 3375 sn.
197 3332 222 3376 et
232 3322 389 3376 Etutatlrius
402 3320 439 3373 ad
452 3318 485 3373 Il.
501 3318 530 3387 λ,
540 3338 569 3391 p.
582 3319 639 3373 868
652 3319 697 3375 ed.
711 3322 797 3375 Rom.
809 3320 891 3373 Certe

134 3406 251 3463 familiam
272 3408 354 3462 fuisse
373 3408 575 3478 cyrenensem,
590 3406 621 3459 in
638 3424 694 3477 qua
707 3407 823 3459 Mnaseas
836 3422 891 3457 no-

134 3510 188 3549 nen
196 3494 372 3559 occurrebat,
382 3502 459 3565 patet
471 3492 629 3545 ePausania
640 3492 691 3559 Vl,
710 3489 760 3557 ι3,
775 3496 803 3554 4.
815 3490 891 3546 Μνα-

135 3576 185 3642 ιίας
195 3600 259 3635 rero
279 3591 311 3639 et
323 3576 442 3647 Μνησίας
462 3587 490 3633 et
505 3575 611 3645 Μησίας
625 3576 750 3647 ejusdem
772 3578 893 3631 nominis

135 3669 264 3723 ranetates
277 3669 323 3723 rel
333 3665 501 3739 corruptelae
513 3675 585 3719 sunt.
600 3666 632 3719 V.
654 3664 750 3736 Steph.
765 3664 846 3717 Thes.
860 3682 885 3718 r.

136 3751 254 3817 δΙναοίας.

170 3840 288 3894 semrom
304 3839 468 3911 Spintharus
476 3838 598 3893 Socratis
614 3837 814 3893 consuetudine
829 3854 894 3891 usus

137 3928 181 3982 cst,
192 3919 385 3989 Spintharique
397 3918 562 3971 auctoritate
575 3920 713 3985 nituntur,
725 3933 786 3987 quae
800 3914 836 3969 de
850 3917 895 3971 iu-

138 4003 194 4058 dolc
212 4007 331 4061 Socratis
353 4013 451 4059 narrat
469 4004 650 4059 Aristoxenus
673 4003 709 4061 ir.
736 3984 784 4059 ud.
815 4002 892 4057 ldem

137 4091 284 4161 Spinthanrs
294 4092 398 4147 Thebis
412 4110 476 4145 cum
489 4090 684 4163 Epaminonda
700 4099 823 4145 versatus
837 4100 892 4158 est,

139 4186 195 4231 teste
209 4180 356 4234 Plutarcho
376 4181 418 4233 De
430 4178 500 4236 Gen.
517 4178 597 4233 Socr.
614 4196 638 4231 c.
652 4177 700 4246 23,
715 4194 744 4249 p.
760 4175 827 4247 592,
842 4177 864 4231 F
885 4192 893 4231 ε

140 4260 268 4343 Σπίνθαρος
284 4268 299 4322 δ
318 4264 477 4341 Ταραντῖνος
500 4262 547 4319 οὖν
565 4260 651 4336 ὀλίγον
672 4262 742 4335 αὐτῷ
763 4260 773 4334 (
782 4261 895 4334 Epami·

139 4351 242 4427 nenda)
253 4350 437 4428 συνδιατρίψας
449 4351 558 4406 ἐνταῦθα
569 4346 661 4425 χρόνον
675 4346 715 4404 ἀεὶ
730 4345 812 4416 δήπου
826 4343 895 4421 λε’γιι

140 4436 218 4507 uului
229 4460 265 4506 πη
279 4435 403 4493 τῶνκαθ’
427 4434 517 4493 ίαντδν
532 4433 674 4513 ἀνθρώπων
697 4431 895 4511 ίντετυχηκίναι

165 4604 192 4659 t't
206 4605 233 4651 v.
249 4602 368 4653 maerere
380 4602 412 4652 de
426 4604 589 4662 Aristoxeno,
604 4600 754 4664 philosopho
766 4604 892 4663 pertpote·

141 4672 191 4726 tien,
201 4676 301 4721 auctore
311 4676 342 4722 G.
357 4676 385 4722 l..
398 4675 499 4722 Manna
511 4672 639 4722 ansulae.
655 4676 721 4721 1793.
733 4674 757 4720 θ.

165 4742 206 4797 (·’)
216 4743 377 4790 tteuorautnr
383 4746 500 4803 praeterea
510 4742 664 4791 Aristoxenus
670 4740 818 4791 Selinuntius
825 4741 896 4801 [ueta

141 4818 172 4864 Ψ
189 4809 344 4870 misnen.
365 4810 490 4860 enchirid.
512 4824 534 4872 p.
555 4814 586 4859 ts
604 4810 642 4859 ed.
662 4810 762 4870 Gstord3
775 4808 895 4870 Arlstopb.

141 4876 204 4924 sehet.
214 4880 273 4927 Aah.
289 4882 344 4929 487.
356 4879 395 4930 ct.
412 4881 498 4943 fragm.
517 4888 557 4931 55.
567 4910 598 4923 -
608 4881 764 4930 Aristoxenus
775 4874 896 4940 medicos,

143 4944 255 4995 sensuri
265 4949 389 4997 Philalethi
400 4948 473 5010 dise,
496 4950 583 5012 saepius
597 4950 638 4999 Me
654 4948 765 4999 laudatus
776 4962 813 5009 ap.
826 4949 897 4997 Gale·

144 5022 193 5061 tu
202 5019 225 5063 et
234 5017 334 5066 celiam
349 5020 512 5068 Aurelianum.
523 5046 553 5055 -
562 5020 629 5071 Alius
636 5018 735 5082 quidm
744 5019 898 5070 Aristoxenus

147 5094 178 5141 'tt
188 5086 256 5133 etot.
267 5088 377 5150 aristoph
397 5090 459 5139 l‘lut.
475 5095 527 5141 175.

936 2459 981 2533 (ν.
1004 2460 1037 2515 fr.
1051 2479 1068 2533 9
1084 2472 1154 2517 extr.
1164 2454 1182 2533 l

978 2572 989 2595 ι
1004 2548 1140 2603 Praeterea
1154 2546 1295 2621 (Mahnius
1305 2542 1412 2617 pergit)
1429 2543 1558 2599 discimus
1569 2562 1604 2599 ex
1616 2544 1709 2599 verbis

934 2632 1026 2687 Suidae
1039 2636 1236 2688 Aristoxenum
1254 2642 1388 2703 quattuor
1404 2630 1530 2685 hahuisse
1548 2632 1708 2703 magistros,

933 2721 1057 2791 primum
1066 2732 1174 2792 patrem
1184 2737 1280 2787 suum,
1290 2728 1348 2771 tum
1356 2719 1508 2789 Lamprum
1517 2716 1706 2787 Erythraeum,

935 2806 1038 2861 deinde
1051 2807 1257 2880 Xenophilum‚
1273 2816 1302 2859 et
1313 2805 1435 2877 denique
1447 2804 1635 2861 Aristotelem.
1648 2806 1710 2859 ne·
1723 2844 1725 2849 .

935 2894 1000 2948 licta
1011 2894 1097 2967 igitur
1109 2904 1224 2967 paterna
1239 2891 1385 2969 disciplina
1396 2891 1518 2963 primurn
1532 2889 1631 2943 habuit
1643 2908 1709 2945 ma-

935 2981 1052 3052 gistrum
1065 2984 1213 3053 Lamprum
1227 2978 1415 3050 Ειῃτθηειιιη.
1437 2977 1491 3031 llic
1510 2977 1648 3048 Lamprus
1664 2978 1708 3030 vi—

935 3065 1019 3121 detur
1027 3066 1126 3138 junior
1136 3068 1186 3121 illo
1201 3065 1342 3120 celebrato
1356 3065 1429 3117 inter
1448 3063 1551 3134 lyricos
1562 3073 1662 3135 poetas
1672 3062 1708 3117 ab

935 3154 1103 3209 Aristoxeno
1118 3152 1194 3226 apud
1216 3151 1355 3206 Plutarch.
1373 3151 1415 3205 De
1435 3166 1504 3203 mus.
1520 3167 1549 3222 p.
1575 3156 1665 3217 1142,
1687 3149 1709 3203 B

937 3240 986 3313 (fr.
1003 3240 1067 3314 73).
1079 3242 1130 3295 Ille
1146 3241 1220 3294 enim
1234 3238 1309 3293 idem
1323 3237 1436 3291 ridetur
1450 3246 1535 3308 atque
1548 3236 1587 3303 is,
1600 3236 1637 3290 de
1652 3254 1709 3308 quo

935 3345 964 3381 se
983 3329 1116 3381 musicam
1137 3326 1266 3381 didicisse
1289 3323 1428 3397 professus
1448 3333 1489 3377 est
1514 3324 1641 3378 Socrates
1662 3340 1709 3394 ap.

936 3413 1046 3470 Platon.
1061 3414 1090 3467 in
1101 3415 1256 3467 Menexeno
1277 3408 1321 3483 (c.
1337 3408 1364 3478 3,
1380 3428 1409 3481 p.
1423 3408 1492 3475 236,
1508 3410 1546 3483 Α,
1559 3406 1595 3464 cs.
1609 3408 1709 3465 Athen.

936 3500 979 3553 XI
990 3540 999 3573 ,
1014 3517 1045 3571 p.
1064 3498 1131 3568 506,
1142 3497 1195 3573 F),
1206 3498 1311 3569 quique
1325 3496 1471 3569 Sophoclis
1484 3496 1615 3567 magister
1624 3495 1710 3549 musi-

937 3604 982 3640 ces
995 3596 1023 3641 et
1039 3585 1158 3641 saltandi
1171 3586 1237 3639 artis
1250 3583 1331 3637 luisse
1348 3582 1469 3635 videtur.
1483 3580 1548 3634 vid.
1565 3580 1712 3635 Athenaeus
1755 3613 1757 3624 ›

937 3672 966 3738 1,
981 3690 1011 3743 p.
1026 3689 1074 3739 ao,
1092 3674 1127 3741 F,
1139 3670 1226 3725 schol.
1247 3668 1381 3741 Sophocl.
1397 3668 1427 3720 in
1438 3665 1495 3737 ejus
1512 3666 1591 3739 Vita,
1614 3665 1712 3719 Fabri-

937 3758 996 3812 cius
1006 3759 1037 3811 13.
1048 3759 1097 3815 Gr.
1112 3760 1139 3826 l,
1155 3776 1185 3829 p.
1196 3756 1250 3821 584
1260 3774 1327 3826 ,nee
1338 3772 1396 3808 non
1406 3754 1570 3823 interpretes
1580 3750 1617 3805 ad
1627 3752 1712 3806 verba

937 3843 1008 3915 Nep.
1023 3845 1052 3897 in
1065 3846 1120 3902 vit.
1142 3846 1240 3917 Epam.
1257 3861 1281 3898 c.
1303 3860 1315 3895 1
1336 3860 1343 3895 ι
1360 3838 1535 3895 Citharizare
1555 3848 1584 3890 et
1599 3849 1712 3891 cantare

937 3931 979 3983 ad
990 3929 1155 3985 chunlarem
1171 3948 1266 3983 sonum
1286 3930 1380 3983 doctus
1399 3917 1441 3979 est
1453 3942 1472 3977 a
1493 3924 1640 3993 Dionysio,
1664 3929 1712 3996 qui

938 4036 993 4071 reon
1013 4022 1114 4071 ruinart
1124 4014 1187 4085 suit
1200 4021 1228 4069 in
1247 4019 1350 4069 musica
1368 4013 1475 4083 gloria,
1498 4028 1582 4082 quam
1601 4010 1712 4063 Damon
1785 4044 1793 4058 .

938 4117 989 4159 aut
998 4107 1146 4177 Iamprus,
1159 4122 1271 4176 quorum
1283 4102 1520 4173 pervulgatasunt
1529 4100 1643 4151 nomina
1654 4094 1710 4170 (Ἴ.

938 4222 978 4233 -
992 4189 1168 4263 Xenophilus·
1181 4190 1229 4261 qui
1244 4185 1345 4241 deinde
1360 4193 1543 4249 memoratur,
1559 4191 1600 4235 est
1611 4182 1713 4236 nobilis

939 4279 986 4333 ille
999 4277 1186 4334 Chalcidensis
1197 4274 1394 4350 philosophus,
1406 4270 1485 4342 eujus
1500 4271 1587 4324 vitam
1605 4268 1711 4325 deseri·

938 4366 1023 4437 psisse
1042 4364 1155 4419 videtur
1177 4364 1235 4436 ipse
1255 4364 1433 4417 Aristoxenus
1456 4356 1498 4428 (v.
1523 4356 1558 4410 sr.
1591 4352 1649 4431 16).
1673 4386 1713 4397 —

939 4453 1112 4507 Aristotelem
1124 4452 1283 4525 magistrum
1297 4444 1453 4503 Aristoxeni
1465 4442 1562 4512 luisse,
1577 4460 1665 4515 quum
1679 4460 1713 4497 ex

972 4666 1003 4727 (Ἴ
1021 4664 1087 4715 idem
1108 4663 1192 4714 cicero
1206 4662 1293 4724 septus
1310 4659 1480 4710 Anuoxeuum
1500 4668 1555 4705 eum
1575 4654 1713 4704 Dicaearcho

940 4735 1076 4795 componit,
1085 4736 1112 4782 ut
1120 4734 1145 4781 in
1156 4736 1231 4781 Tusc.
1244 4735 1268 4791 t.
1280 4736 1308 4780 18
1319 4732 1327 4791 (
1334 4730 1363 4779 lr.
1372 4729 1416 4791 st)
1426 4730 1452 4777 et
1459 4728 1533 4789 Epist.
1544 4723 1575 4773 ad
1586 4727 1634 4774 Ait.
1647 4727 1712 4783 Vlll,

940 4810 975 4855 t:
992 4802 1174 4854 Dicaearchum
1193 4801 1337 4851 mehercule
1353 4801 1401 4849 ant
1420 4799 1600 4847 Aristoxenum
1619 4793 1711 4841 diceres

941 4876 1050 4933 arcessi,
1060 4884 1110 4922 non
1127 4884 1209 4921 unum
1222 4874 1336 4920 onmium
1346 4868 1553 4931 toqnoetrsimum
1567 4865 1592 4912 et
1608 4864 1713 4911 minime

941 4948 1033 5007 eptem
1045 4942 1081 4992 ad
1092 4942 1237 4991 dicendum.

973 5012 1016 5075 (¹¹)
1025 5015 1152 5074 tampmm
1160 5011 1340 5074 grammaticum
1346 5006 1519 5056 commemorat
1529 5002 1624 5052 aristot.
1634 5003 1714 5061 Magn.

944 5082 1027 5132 storal.
1043 5086 1077 5142 11,
1092 5088 1119 5131 7.-
