3834 5767
839 360 1092 422 ncanucaus
1125 436 1127 441 ¹
1179 339 1183 345 ’

87 499 92 506 ’
170 511 224 566 pro
239 493 281 546 his
295 495 386 565 posuit
398 489 457 554 Βίος
471 487 605 560 Ἑλλάδος,
621 495 742 548 Murrius
759 493 859 548 deinde
875 497 940 548 reli·
987 507 1096 562 monte,
1112 494 1189 566 qnod
1206 495 1348 549 Fabricius
1361 493 1450 546 edidit
1464 513 1480 547 c
1500 492 1598 548 codice
1614 493 1765 562 Gudiauo,

172 581 275 652 quique
293 581 329 634 ita
349 579 547 647 distinxerunt,
574 591 605 632 ut
627 581 749 636 nretricis
769 581 944 654 {neligerent
988 583 1110 652 itemque
1122 580 1234 635 exhibet
1247 579 1337 633 codex
1348 581 1486 633 Parisinus
1494 581 1540 634 N⁰.
1550 579 1617 649 571,
1629 582 1679 634 tot.
1690 580 1763 648 430,

171 668 282 720 titulum
303 687 309 719 :
325 663 472 742 Ἀναγραφί,
490 667 536 734 τῆς
553 661 689 734 Ἑλλάδος,
705 667 857 740 fragmenta
876 686 943 722 vero
987 667 1036 720 ubi
1047 667 1149 739 legitur
1161 677 1224 738 post
1237 666 1377 720 Stathmos
1392 665 1507 732 Isidori,
1520 667 1569 738 qui
1579 668 1665 720 etiam
1677 669 1706 720 in
1716 669 1763 721 Pi-

171 754 294 824 prosaica
304 754 501 808 inscriberent:
513 749 570 813 Βίος
578 749 710 814 Ἑλλάδος.
721 783 757 793 -
766 751 944 824 Patctitaque
988 753 1180 808 thoeauolibro
1188 753 1301 824 reliquis
1307 751 1765 826 duobusiragmentispraemittun-

170 840 321 894 Dicaearchi
341 842 428 893 nostri
443 837 512 895 Bina
532 835 657 901 Ἑλλάδος
675 841 784 894 ιιοιιιιίιί
801 841 943 913 opinioni-
989 850 1041 892 tur.
1050 841 1142 894 Titulo
1152 839 1266 911 quidem
1275 848 1351 906 caret
1358 838 1686 910 fragmentum,dubium
1696 859 1765 894 vero

170 931 222 983 hus
231 929 395 1000 quibusdam
406 931 530 982 virorum
538 929 688 982 doctorum
696 928 888 1001 adiragmenta
898 930 942 982 illa
987 945 1046 980 non
1056 937 1095 981 est
1105 928 1175 999 quin
1185 926 1276 980 eidem
1283 926 1392 979 auctori
1401 925 1549 997 eidemque
1560 928 1657 997 operi,
1667 928 1714 980 cui
1723 946 1765 981 re·

172 1017 331 1070 translatum
345 1033 411 1072 esse.
431 1018 464 1069 ln
478 1015 576 1069 codice
590 1015 658 1069 nihil
672 1018 723 1069 nisi
736 1033 866 1070 carmanis
878 1017 944 1070 ιιιιι
988 1014 1063 1084 hqua
1075 1014 1149 1081 duo
1163 1014 1198 1066 ιιι
1209 1011 1431 1066 attribuendum
1450 1013 1559 1066 Etenim
1573 1025 1638 1084 post
1649 1013 1763 1068 absolu

172 1099 397 1178 Ιιιι,Διιιαιάργου
410 1097 592 1176 άνιγροιοὴ“
562 1121 606 1167 της
620 1097 763 1168 Ελλάδος,
776 1103 943 1174 atqueistud
988 1111 1043 1152 tam
1056 1101 1234 1154 Peliimontis
1242 1098 1460 1170 descriptionem
1469 1101 1656 1171 scriptorait:
1665 1099 1765 1174 Τὸμὲν

171 1185 386 1263 ἀναγραφὴτ.
403 1184 445 1244 Ἱζ.
461 1186 686 1258 optimecadit'
680 1205 708 1240 ιιι
726 1189 868 1241 trimetros
882 1189 944 1242 illos
987 1174 1140 1253 οίίνΙίήλιον
1156 1182 1385 1261 scitansque«
1403 1181 1571 1258 συμὸάὸηιιεν
1588 1179 1764 1255 rundenari-

172 1285 281 1326 tennem
294 1291 440 1330 nominum
452 1274 689 1328 enumerationem
702 1274 874 1342 exhibentes,
885 1293 944 1329 non
987 1294 1039 1327 ναι.
1056 1275 1151 1327 Hinc'
1143 1272 1653 1347 igiturdiseimusiuauteeedentibus
1666 1277 1766 1330 Deme-

171 1361 253 1413 item
247 1379 275 1413 ιιι
289 1361 415 1432 prosaica
424 1359 585 1432 fragmenta.
600 1345 688 1414 Nemo
703 1377 771 1414 vcro
781 1371 941 1432 propterea,
987 1359 1105 1415 triadem
1118 1361 1218 1414 urbem
1233 1360 1312 1432 (qnae
1325 1360 1409 1412 etiam
1422 1359 1505 1412 initio
1518 1357 1667 1432 fragmenti
1678 1381 1764 1416 com-

170 1446 249 1516 quod
263 1447 385 1500 metricis
397 1447 522 1518 prosaica
532 1447 640 1520 generis
651 1446 825 1500 diversissimi
840 1447 942 1499 intexta
987 1446 1178 1519 memoratur)
1203 1446 1371 1518 descriptam
1395 1463 1467 1514 esse,
1491 1463 1543 1500 nec
1563 1446 1600 1501 dc
1621 1450 1766 1504 montibus

170 1542 248 1598 sunt,
273 1541 393 1604 utraque
415 1531 539 1602 ejusdem
564 1550 621 1586 esse
644 1533 766 1586 auctoris
793 1532 942 1604 putaverit.
986 1532 1076 1585 solum
1095 1533 1125 1585 in
1144 1533 1254 1604 integro
1268 1549 1354 1604 opere
1371 1549 1528 1586 sermonem
1548 1533 1639 1586 luisse.
1654 1536 1766 1589 Deinde.

170 1617 255 1686 Quod
285 1637 320 1671 ne
341 1618 460 1672 scribam
491 1618 604 1690 quidem
629 1620 750 1672 statuisse
773 1617 943 1672 contendere
987 1616 1132 1686 subjicitur
1142 1618 1211 1672 alins
1221 1617 1368 1692 fragmenti
1381 1620 1492 1673 initium
1505 1620 1594 1674 hocce
1608 1638 1616 1672 ε
1630 1615 1695 1678 “On
1705 1620 1763 1688 δὲὴ

172 1705 251 1756 liceat
270 1723 276 1756 :
292 1723 353 1758 nam
368 1703 427 1758 lieri
441 1706 573 1776 potuitut
585 1706 679 1758 titulus
689 1704 839 1771 exciderit,
857 1706 943 1757 inter·
987 1699 1083 1766 Ἑλλάς
1095 1701 1148 1757 ἀπὸ
1165 1702 1363 1771 Πελοποννήσου
1379 1701 1427 1772 τὴν
1438 1699 1523 1780 ἆρχὴν
1540 1701 1671 1776 honorisue
1684 1704 1765 1782 μέχρι

171 1791 327 1848 calarenutr
335 1809 402 1844 vero
411 1792 469 1844 haec
478 1792 614 1863 prosaica,
626 1811 660 1845 ex
673 1793 765 1846 nescio
778 1791 941 1863 quibusnam
987 1792 1031 1842 τοῦ
1042 1787 1191 1864 Μαγνήτων
1198 1788 1325 1867 ineptior
1335 1788 1457 1864 στάμποο
1465 1789 1520 1844 ⁴¹⁴⁸.
1532 1790 1642 1846 Idvero
1651 1793 1765 1848 initium

170 1877 272 1950 eclogis
288 1889 412 1950 arrepta,
433 1879 477 1932 vel
490 1879 586 1932 scriba
605 1879 771 1952 negligentia
787 1889 814 1933 et
827 1896 941 1943 errore,
986 1876 1766 1949 estfragmentisecundicodicisPithoeaui,ubisic:Tio

170 1965 214 2015 cel
235 1965 316 2016 etiam
331 1965 463 2029 consilio,
479 1975 508 2017 ιιι
527 1965 631 2018 scilicet
646 1983 707 2036 qnae
725 1964 760 2018 ad
776 1965 885 2019 easdem
898 1983 941 2019 re·
987 1959 1035 2034 μὲν
1048 1952 1092 2017 eir
1101 1959 1228 2026 Ἑλλάδος
1237 1963 1290 2018 άπὸ
1305 1961 1504 2032 Πελοποννάσου
1515 1963 1564 2031 τὴν
1576 1961 1661 2040 ἀρχὴν
1673 1964 1765 2021 λιιὸίιν

169 2051 264 2120 gioncs
277 2053 449 2124 pertinerent
463 2051 562 2104 eodem
577 2052 640 2104 loco
655 2051 861 2106 exhiberentur.
987 2047 1065 2125 μέχρι
1083 2052 1128 2104 τοῦ
1150 2047 1304 2124 Μαγνήτων
1324 2050 1451 2128 ἀφορίζων
1462 2049 1585 2124 στάμποο
1605 2052 1665 2108 κτλ.
1685 2056 1765 2108 Patet

209 2139 270 2190 Jam
291 2155 358 2191 vero
376 2137 483 2191 dudum
505 2139 648 2191 constabat
667 2137 874 2204 Dicaearchum,
897 2140 940 2193 cui
985 2134 1051 2188 hinc
1071 2136 1226 2208 sragrneuta
1237 2148 1331 2192 nostra
1342 2139 1394 2192 tria
1408 2155 1443 2192 ex
1454 2138 1552 2191 iisdem
1563 2136 1674 2194 fluxisse
1682 2141 1765 2194 eclo-

169 2224 219 2276 ista
238 2219 363 2284 Ἑλλάδος
387 2219 523 2300 ἀναγραφὴ
539 2225 696 2288 ascribitur,
708 2243 766 2276 non
784 2242 863 2296 posse
884 2227 942 2278 No-
986 2222 1039 2290 gis3
1056 2222 1125 2274 illud
1139 2223 1177 2277 de
1190 2223 1267 2276 Pelio
1276 2233 1373 2278 moute
1382 2223 1507 2278 medium
1520 2226 1595 2278 inter
1603 2225 1691 2280 altera
1702 2227 1762 2280 duo

169 2319 256 2364 strum
270 2311 553 2377 esschristotelicum,
565 2330 596 2364 ac
616 2328 707 2382 nuper
719 2311 840 2382 denique
855 2312 941 2365 Lehr·
987 2309 1080 2360 locum
1103 2328 1270 2381 occupasse,
1285 2310 1407 2382 ideoque
1425 2329 1459 2364 ex
1471 2311 1572 2365 eodem
1586 2330 1674 2384 opere
1690 2315 1764 2384 peti·

168 2399 222 2450 sius
249 2397 450 2452 demonstravit
475 2407 618 2451 auctorem
645 2396 703 2466 ojus
729 2415 785 2452 esse
807 2394 939 2452 Διονύσιον
985 2405 1044 2447 tum
1058 2413 1125 2449 esse.
1140 2399 1208 2466 Quae
1222 2397 1337 2468 quidem
1351 2397 1502 2452 edomatio
1512 2399 1596 2452 etiam
1617 2401 1646 2451 in
1662 2402 1763 2454 seriem

168 2481 368 2559 Καλλιφῶντος,
393 2483 471 2556 quod
485 2502 588 2538 nomen
601 2485 697 2555 primae
715 2485 800 2538 tirerae
812 2485 940 2556 priorum
984 2483 1199 2555 geographicam
1209 2483 1764 2557 optimecadit3namprimumiragmen·

168 2587 295 2630 versuum
308 2570 362 2639 23,
375 2572 476 2642 quibus
485 2570 609 2644 praelatio
622 2572 791 2638 continetur,
804 2571 938 2626 indicant.
986 2577 1046 2620 tutu
1064 2579 1105 2622 est
1126 2569 1162 2622 de
1176 2572 1285 2637 Attica,
1310 2571 1434 2636 Bteotia,
1448 2569 1569 2636 Euboea;
1584 2571 1703 2625 alterum
1725 2572 1763 2625 de

165 2656 319 2726 Quomodo
335 2657 419 2730 igitur
434 2655 465 2709 fit
479 2667 509 2710 ut
521 2675 575 2729 pro
587 2658 723 2728 Dionysio
743 2658 875 2711 asseratur
890 2660 939 2712 Di·
984 2653 1126 2707 Tbessaliae
1143 2655 1322 2720 Demetriade
1338 2656 1410 2710 urbe
1428 2665 1459 2729 ¹et
1470 2655 1548 2710 Pelio
1566 2665 1681 2724 monte;
1698 2667 1762 2710 ter-

167 2743 321 2797 caearchus?
336 2743 423 2796 Variis
434 2742 525 2796 modis
537 2743 685 2800 efformare
694 2762 752 2796 rem
767 2744 838 2797 licet.
852 2745 939 2798 Statui
984 2740 1037 2803 tio,
1053 2740 1132 2810 quod
1157 2759 1191 2795 ex
1208 2739 1265 2795 line
1287 2744 1382 2814 operis
1398 2743 1516 2814 petitum
1525 2753 1582 2810 est,
1595 2761 1691 2797 causus
1707 2763 1765 2809 au,

168 2830 391 2902 potestmetrica
406 2846 461 2882 esse
484 2830 626 2900 Dionysii,
652 2831 777 2900 prosaica
805 2848 872 2883 vcro
893 2833 938 2884 Di·
983 2836 1046 2880 etot·
1068 2829 1186 2899 exponit
1209 2846 1260 2883 cnr
1283 2830 1448 2882 Thessaliam
1471 2830 1502 2881 in
1522 2829 1636 2884 Graeciae
1658 2827 1761 2884 descri-

167 2914 296 2980 caearchi;
319 2913 437 2967 scribam
452 2924 543 2968 autem
563 2912 742 2968 diversabare
756 2916 786 2967 in
802 2917 883 2968 titulo
901 2917 938 2971 ita
982 2914 1078 2983 Plione
1094 2915 1347 2985 comprehenderit.

167 3001 368 3096 conglutinasse
392 3011 424 3052 ut
441 3001 598 3056 Dicaearchi
615 3019 719 3056 nomen
733 3002 864 3075 jungeret
885 3022 938 3057 no·
1021 3002 1083 3053 lam
1098 3000 1179 3072 quod
1201 3001 1327 3055 indolem
1341 3003 1444 3059 laurum
1459 3001 1700 3074 fragmentorum(
1711 3000 1758 3056 58.

167 3085 236 3136 mini
255 3086 362 3156 operis,
388 3085 466 3156 quod
492 3098 553 3140 erat
575 3087 710 3158 Dionysii.
735 3089 811 3140 Alius
828 3090 938 3160 putabit
984 3083 1031 3156 59
1042 3085 1102 3152 bol
1118 3087 1232 3153 attinet,
1254 3085 1286 3140 id
1307 3086 1387 3158 quod
1404 3087 1441 3141 de
1458 3089 1573 3142 Athenis
1596 3100 1626 3142 et
1643 3091 1762 3144 Boeotiae

166 3187 271 3224 nomen
282 3173 450 3243 Dionysum
471 3171 548 3226 fonte
563 3171 668 3226 codicis
680 3173 851 3228 nostnmale
869 3194 938 3231 exa·
981 3172 1099 3226 urbibus
1126 3183 1168 3226 est
1192 3172 1200 3248 (
1225 3173 1260 3227 fr.
1281 3172 1317 3226 58
1333 3173 1361 3246 ),
1389 3174 1482 3228 locum
1506 3174 1660 3229 habuisse'
1652 3194 1683 3229 ιιι
1706 3175 1762 3252 Βίῳ

165 3266 256 3308 ratum
280 3257 323 3310 vel
344 3270 508 3330 corruptum
522 3257 619 3326 luisse,
635 3259 752 3313 scribam
767 3279 835 3314 cero
850 3273 936 3332 quum
982 3255 1109 3320 Ἑλλάδος
1130 3269 1281 3331 propterea
1301 3259 1574 3332 potuissevideatur,
1590 3262 1671 3357 quod
1686 3265 1761 3317 mul·

165 3341 409 3414 ''lheophrastum
402 3345 484 3397 mitio
502 3345 630 3398 carminis
649 3348 797 3399 memorari
816 3347 935 3414 videret,
982 3355 1040 3397 ιιιιιι
1054 3355 1153 3398 auctor
1165 3343 1202 3398 ad
1215 3362 1310 3398 mores
1317 3355 1345 3398 et
1359 3345 1549 3400 characterem
1562 3347 1756 3420 cujusquem-

167 3445 218 3482 nec
228 3428 263 3482 de
277 3429 332 3482 alio
347 3441 429 3502 atque
445 3431 588 3484 notissimo
600 3432 776 3487 Aristotelico
787 3435 935 3506 cogitaret,
980 3429 1024 3484 bis
1038 3429 1192 3484 incolarum
1206 3430 1332 3485 attendit.
1345 3429 1431 3500 Quod
1444 3449 1514 3484 vero
1530 3432 1688 3504 fragmento
1697 3445 1758 3490 ter-

173 375 229 422 230

165 3515 433 3570 ίιιιιιιιιίιιοιείίοοι
440 3529 532 3571 autem
541 3518 678 3571 celebrem
685 3519 876 3592 geographum
886 3522 936 3574 Di·

165 3601 469 3672 caearcbumnovisset,
485 3605 620 3676 Dionysio
632 3605 801 3660 substituisse
814 3607 936 3661 Dicaear—

164 3685 259 3740 chum.
275 3689 364 3742 Porro
376 3687 435 3744 lieri
448 3691 542 3762 potuit
560 3701 591 3742 ut
605 3692 662 3763 ipse
682 3693 845 3763 Dionysius,
857 3703 936 3765 post-

164 3791 248 3844 quam
260 3773 378 3830 artificio
390 3794 493 3830 nomen
505 3795 585 3832 suum
597 3777 754 3849 praelationi
766 3779 934 3848 intonuisset,

163 3860 191 3911 in
203 3861 284 3916 titulo
297 3863 448 3917 Dicaearchi
463 3881 567 3918 nomeu
578 3867 753 3932 mentiretur,
764 3867 793 3918 in
805 3865 937 3920 eundem·

162 3965 217 4017 que
230 3947 315 4003 linem
329 3951 410 4004 etiam
424 3951 647 4024 Theophrastum
662 3955 867 4007 Aristotelicum
883 3955 935 4008 sibi

162 4035 447 4109 amicumaffiugereta
463 4037 645 4111 (Quamquam
655 4059 723 4093 num
735 4058 832 4094 revera
843 4041 934 4094 Theo·

161 4121 288 4190 phrastus
306 4123 458 4177 Dicaearchi
478 4127 582 4179 anricus
600 4124 697 4192 suerit,
715 4135 832 4197 propter
852 4144 934 4197 supra

160 4207 241 4261 allata
255 4209 318 4261 licet
327 4207 483 4282 dubitare.)

200 4295 300 4347 Verum
314 4297 457 4350 enimuero
470 4297 670 4368 quodcumque
682 4297 783 4349 horum
797 4298 931 4351 verisimi-

162 4379 214 4431 lius
226 4379 352 4446 duxeris,
368 4383 397 4434 in
407 4399 495 4436 meras
512 4381 687 4452 conjecturas
697 4386 876 4454 aeqneomnia
889 4401 934 4437 rc·

162 4474 234 4517 trusa
248 4477 323 4518 sunt.
333 4468 389 4520 Nec
403 4469 490 4521 ullum
502 4470 565 4522 satis
577 4479 683 4522 certum
699 4471 727 4521 in
742 4468 839 4522 codice
849 4479 934 4523 exstat

160 4549 309 4618 indicium,
321 4569 384 4623 qno
397 4552 460 4607 iisus
474 4555 627 4628 fragmenta
639 4556 764 4627 prosaica
780 4556 932 4610 Dicaearchi

160 4655 226 4704 csse,
240 4639 329 4690 multo
344 4641 434 4694 minus
447 4643 528 4695 etiam
547 4660 608 4695 eae
627 4643 687 4696 Vita
698 4641 811 4696 Graeciae
825 4639 934 4698 fluxisse

157 4725 330 4804 qontendcre
340 4728 434 4798 possis
448 4727 502 4782 Sed
515 4730 663 4801 largiamur
680 4739 754 4782 recte
763 4728 799 4782 ad
812 4729 934 4783 Dicaear-

982 3519 1022 3569 tio
1031 3517 1125 3570 multis
1142 3516 1281 3572 docemur
1291 3517 1422 3571 Hellenes
1436 3535 1452 3570 e
1464 3517 1601 3571 liressalia
1622 3521 1761 3575 oriundos

981 3623 1038 3657 esse
1049 3615 1078 3656 et
1089 3602 1234 3658 Helladem
1245 3604 1386 3676 principio
1398 3603 1467 3657 nihil
1478 3604 1531 3657 nisi
1548 3603 1649 3658 urbem
1669 3607 1758 3660 Thes-

980 3692 1051 3744 saliae
1065 3691 1155 3757 luisse,
1169 3689 1199 3743 id
1209 3691 1232 3743 si
1242 3699 1342 3744 auctor
1356 3691 1385 3742 in
1395 3690 1509 3761 epilogo
1524 3688 1637 3743 demum
1654 3690 1692 3744 ad
1700 3694 1756 3745 sin·

980 3778 1107 3850 golarum
1118 3777 1233 3830 urbium
1242 3776 1468 3848 descriptionem,
1482 3793 1541 3829 non
1551 3794 1622 3830 vero
1630 3777 1659 3829 in
1666 3779 1757 3849 prima

980 3861 1043 3920 Βίου
1055 3874 1134 3936 porte
1146 3864 1278 3918 historica
1287 3865 1468 3936 exposuisset,
1480 3881 1582 3916 vereor
1592 3881 1629 3917 ne
1638 3864 1755 3936 perine-

979 3961 1043 4022 ptus
1065 3951 1151 4004 homo
1179 3969 1235 4004 esse
1254 3961 1423 4004 cerneretur.
1452 3951 1518 4004 Haec
1542 3950 1628 4022 igitur
1650 3951 1756 4024 vulgari

980 4038 1105 4109 opinioni
1116 4037 1336 4090 counariasnut.
1344 4037 1434 4090 blulto
1447 4033 1756 4109 magisoll'enditampla

980 4124 1026 4177 illa
1041 4123 1192 4196 descriptio
1208 4123 1276 4177 Pelii
1297 4124 1414 4189 montis,
1429 4123 1586 4194 plantarum
1601 4123 1633 4175 in
1650 4141 1683 4176 ea
1703 4125 1756 4177 ob-

980 4211 1104 4274 viarum,
1130 4228 1282 4281 earumque
1310 4211 1524 4282 proprietatum.
1549 4209 1648 4279 Neque
1678 4210 1760 4264 latuit

980 4297 1115 4352 Fuhrium
1136 4308 1166 4352 et
1179 4299 1336 4365 Osannum,
1349 4295 1451 4369 quodsi
1470 4297 1552 4350 simili
1572 4295 1700 4350 ubertate
1721 4297 1759 4352 de

979 4385 1086 4456 reliqua
1108 4385 1213 4440 Graecia
1234 4384 1408 4439 Dicaearchus
1432 4384 1534 4455 egerit,
1555 4380 1616 4435 lieri
1638 4382 1759 4435 omnino

979 4490 1036 4524 ιιοιι
1051 4473 1174 4543 potuisse
1193 4481 1226 4524 ot
1244 4471 1431 4546 geographica
1455 4469 1514 4523 haec
1533 4468 1603 4521 nihil
1621 4469 1674 4522 nisi
1693 4487 1759 4540 par·

979 4569 1034 4611 tem
1048 4559 1130 4611 unius
1146 4558 1211 4611 libri
1230 4559 1259 4611 in
1272 4559 1335 4612 Vita
1348 4558 1459 4613 Graeciae
1471 4554 1625 4610 effecerint.
1644 4554 1696 4608 Cui
1717 4556 1761 4607 im»

978 4643 1130 4698 commodo
1139 4644 1176 4697 ita
1187 4643 1295 4698 mederi
1303 4655 1450 4710 conantur,
1461 4652 1493 4696 ut
1502 4640 1687 4713 fragmentum
1700 4640 1758 4694 hoe

978 4749 1010 4784 ex
1025 4732 1081 4783 alio
1093 4749 1179 4803 opere
1190 4731 1308 4803 petitum
1322 4747 1378 4783 esse
1390 4729 1494 4783 dicant.
1509 4729 1647 4782 Nimirum
1665 4746 1756 4798 quum

978 4827 1085 4870 constet
1103 4815 1295 4870 Dicaearchum
1319 4826 1430 4869 monus
1451 4816 1524 4868 inter
1545 4831 1649 4884 eosque
1669 4814 1756 4866 etiam

160 4813 242 4865 chum
253 4811 364 4867 referri.
376 4814 449 4866 h'um
464 4827 527 4886 apte
537 4826 595 4868 tum
607 4812 662 4889 Βίῳ
672 4811 798 4876 Ἱίλλάδος
806 4816 932 4870 vindica-

158 4900 321 4954 renturibe
331 4919 387 4972 quo
398 4912 545 4973 antequam
551 4902 717 4971 judicemus,
728 4921 832 4956 novum
842 4903 933 4976 bospi-
978 4905 1084 4958 Pelium
1105 4920 1246 4956 emensum
1261 4920 1331 4968 esse,
1351 4903 1417 4955 huic
1431 4897 1658 4975 Καταμετρήσιων
1672 4905 1757 4970 operi

160 4995 215 5040 tem
239 4985 459 5043 introducamus.
482 4987 617 5041 Videlicet
637 4988 749 5042 duobus
774 4990 933 5061 fragmentis
978 4992 1162 5062 fragmentum
1177 4982 1337 5054 vindicant,
1351 4990 1477 5042 incusant
1489 4998 1684 5057 excerptorem
1705 4989 1755 5056 qui

160 5073 263 5126 codicis
277 5074 343 5126 olim
357 5073 490 5128 Pithoeuni
502 5074 580 5146 jungi
598 5077 665 5129 solet
680 5059 791 5129 tertium
805 5075 840 5130 de
855 5077 932 5131 Pelio
978 5097 1038 5148 qnae
1050 5077 1084 5128 ad
1099 5077 1266 5147 geometrica
1278 5076 1478 5146 pertinuerint,
1487 5071 1619 5136 mouerit,
1629 5071 1757 5124 Dicaear-
