3834 5767
804 318 1054 410 enisurum.
1078 312 1081 322 '

124 482 174 535 bis
187 481 355 555 appellatio,
376 497 435 533 non
453 479 519 533 item
532 479 597 536 riri.
617 480 669 535 Vix
687 478 806 534 dubium
822 482 910 553 igitur

125 580 186 637 est,
201 567 372 623 Bocchorim
385 584 420 621 ex
441 564 565 638 Anyside
588 565 741 621 oriundum
765 566 861 624 fuisse.
884 570 909 622 Α

125 655 300 710 Manethoue
311 655 399 709 Saites
409 662 539 719 vocatur,
561 653 629 724 quia
642 654 743 725 Anysis
758 654 796 708 ad
808 652 910 727 prefe-

126 752 242 797 cturam
252 742 357 797 Saitem
366 738 543 813 pertinebat,
558 737 660 793 eodem
671 738 760 795 modo
783 760 842 814 quo
857 740 911 814 dy·

123 830 247 885 nastiam
270 829 314 883 XI
337 829 525 902 Diospolitam
544 838 643 895 vocat,
664 829 716 883 etsi
738 830 856 903 proprie
876 846 912 884 ex

124 914 234 988 Abydo
244 913 366 969 oriunda
376 914 472 972 fuerit.
487 914 598 973 Caecum
605 932 694 987 porro
701 919 817 989 Anysim
827 916 911 971 fuisse

125 1000 231 1069 refert,
251 1012 280 1056 et
295 1000 439 1056 Diodorus
455 1002 626 1056 Bocchorim
639 1002 678 1077 τῷ
693 998 798 1074 σώματι
810 1022 910 1058 παντο-

126 1088 182 1153 tlte
188 1086 413 1166 εὐκαταφρόνητον
421 1089 566 1145 describit.
577 1114 589 1139 ν
600 1091 780 1163 Lysimachus
786 1093 816 1145 in
825 1093 911 1165 AEgy·

125 1178 229 1249 ptircis
241 1176 297 1230 suis
315 1193 360 1249 ap.
377 1175 531 1247 losephum
545 1172 592 1249 (C.
616 1178 721 1248 Apion.
735 1176 767 1244 1,
783 1172 836 1252 it)
861 1177 911 1230 Ju-

127 1262 259 1317 daeorum
286 1262 393 1317 exitum
420 1260 604 1317 Bocchoridis
628 1280 717 1337 regno
750 1263 906 1335 assignavit„

126 1350 256 1421 Euroque
275 1350 440 1403 sententiam
462 1349 651 1421 plurimorum
669 1348 751 1403 fuisse
763 1360 911 1403 auctorum

126 1434 218 1491 refert
241 1436 352 1492 Tacitus
375 1437 446 1491 Hist.
465 1438 502 1503 V,
530 1454 567 1508 a,
590 1454 626 1491 ex
644 1453 736 1507 eoque
748 1436 863 1491 Orosius
879 1436 909 1503 1,

130 1540 180 1578 to.
193 1552 233 1565 -·
248 1518 364 1597 dpslov
384 1518 583 1598 ίρθίγξατο]
597 1521 640 1580 Cl.
663 1522 788 1578 AElianns
800 1524 837 1579 Ν.
852 1526 908 1580 An.

127 1610 173 1677 ll,
190 1608 207 1663 3
226 1606 374 1682 εΛίγυυσιν
391 1606 563 1685 Αίγύπτιον...
579 1605 646 1683 ἄρνα
659 1606 705 1665 καί
720 1606 851 1665 όκτόπουν
866 1605 911 1663 καί

127 1693 231 1772 δίπορον
246 1691 316 1751 κατὰ
328 1694 371 1751 τὸν
385 1691 513 1771 Βόκχοριν
531 1692 575 1750 τὸν
589 1692 714 1773 didm
728 1693 848 1769 yuticius
864 1692 911 1751 καί

127 1779 207 1859 ῥῆξαι
221 1779 316 1860 φωνήν·
339 1780 384 1838 καί
397 1778 444 1839 δύο
457 1778 571 1859 κεφαλὰς
591 1779 681 1860 ᾄδουσι
703 1784 750 1849 τῆς
767 1779 842 1861 ἀρνὸς
864 1779 909 1837 καί

125 1862 282 1945 τοτρόιορον
292 1866 412 1942 γονίοθαι
420 1866 486 1945 φασί
495 1864 543 1937 τὴν
554 1865 646 1937 αὐτόν.
653 1869 911 1925 NovnatAElianus

128 1956 345 2024 methonen,
357 1958 400 2011 uti
410 1974 495 2029 supra
507 1954 639 2013 vidimus.

244 2076 417 2133 vlcnslttt
439 2074 579 2146 QUINTA
599 2075 794 2132 DYNASTIA.

494 2210 542 2274 fii.

359 2354 433 2411 stc,
453 2352 683 2410 AFRICANUM.

169 2499 291 2571 Syncell.
306 2516 336 2571 p.
353 2503 404 2568 74,
415 2498 454 2552 B:
473 2494 588 2572 Πόμπιη
602 2495 647 2553 καὶ
658 2492 763 2565 εἰκοστὴ
771 2494 908 2555 δυναστεία

128 2583 264 2644 Αἰθιόπων
280 2580 409 2659 βασιλίων
420 2586 509 2661 τριῶν.

170 2669 196 2728 α’
217 2668 399 2741 testeos,
429 2670 457 2735 ὃς
481 2668 647 2747 αἰχμάλωτον
676 2668 812 2749 Βόγχωριν
842 2669 907 2729 ἑλὼν

127 2756 225 2815 ίκαυσι
235 2758 335 2830 ζῶντα,
357 2756 402 2813 καὶ
412 2755 577 2815 ἔόασίλσυσεν
587 2754 633 2826 ἔτη
644 2755 680 2827 η’.

173 2843 197 2921 β’
220 2841 518 2923 ΣοόιχὼςίΣεόηχος
529 2844 582 2919 G.)
596 2842 650 2910 υίὸς
662 2840 709 2914 ivn
725 2843 767 2905 ιδ’.

168 2929 194 3009 γ’
215 2929 348 3009 ’[όρυυς
363 2928 409 2999 ἔτη
427 2931 472 2999 ιη’.

169 3014 311 3095 Ὁμοῦίιη
324 3016 362 3093 μ’.

495 3130 543 3188 6ὃ.

270 3286 273 3293 “
374 3282 447 3337 SEC.
469 3282 666 3339 EUSEBIUM.

168 3429 248 3484 idem
262 3447 293 3501 p.
310 3426 357 3502 75,
370 3430 393 3483 B
404 3426 535 3498 εΕίαοοτί,
549 3427 658 3505 πέμπτη
668 3426 806 3487 δυναστσίο
819 3425 906 3487 Αἰθιό-

131 3534 191 3572 πων
206 3512 334 3591 βασιλόων
345 3516 433 3591 τριῶν.

171 3600 196 3658 α’
218 3598 398 3671 Σαόοίκων,
428 3599 455 3666 d<
484 3600 652 3680 αἰχμάλωτον
679 3600 816 3682 Βόγχωριν
844 3600 909 3659 ἑλὼν

130 3686 226 3746 laeuos
240 3690 340 3762 ζῶντα,
351 3688 397 3745 καί
408 3686 560 3746 etsensim
573 3688 619 3760 ἔτη
633 3688 677 3749 ιό’.

171 3774 196 3851 β’
217 3774 321 3851 {rsty
327 3770 370 3839 tit<
383 3773 436 3839 υίὸς
447 3772 493 3843 lvo
502 3774 549 3834 15‘.

169 3860 195 3937 γ’
215 3858 425 3935 Ταρακὸςέτη
439 3861 475 3921 κ’.

171 3945 257 4023 Ὁμοῦ
265 3947 311 4017 ίτη
325 3947 377 4023 μί’
602 4001 605 4012 .

171 4036 271 4094 auset.
283 4036 390 4093 chron.
405 4054 434 4109 p.
454 4043 507 4102 tot
526 4057 532 4091 :
551 4039 695 4109 Vigesima
710 4044 808 4110 quinto
818 4040 909 4109 dyna-

130 4129 187 4179 stia
197 4123 358 4197 Ethiopum
368 4125 426 4179 III
434 4142 540 4199 regum.

170 4211 307 4278 Sabacen,
316 4215 480 4284 puicupmm
487 4210 648 4267 Bocchorim
654 4214 904 4279 viuumcombmsit,

133 4302 314 4374 regnavitque
322 4302 407 4353 annis
417 4300 488 4354 XII
497 4296 542 4370 (a.
552 4299 622 4353 thr.
639 4297 836 4373 rada-1293).

171 4384 627 4456 SebiehtuejrufiliusannisXII
640 4384 851 4460 (rapt-1305).

174 4474 297 4527 Tarocus
310 4470 364 4549 (sic
376 4490 488 4547 margo,
501 4483 592 4529 textus
603 4472 737 4545 taracust
748 4479 831 4527 armis
848 4476 910 4528 XX

135 4561 144 4610 l
156 4557 376 4633 1306-1325).

172 4646 289 4702 Summa
301 4664 436 4701 annorum
445 4648 556 4705 XLIV.

173 4734 298 4788 Sabacus
311 4744 340 4788 et
356 4732 490 4788 Sebichus
501 4752 557 4790 sec.
579 4734 748 4789 Bumenium
774 4733 849 4789 idem
871 4747 912 4791 est

134 4838 255 4888 nomen,
273 4806 392 4875 alterum
413 4839 551 4897 grecum,
574 4822 693 4877 alterum
710 4819 746 4875 ad
760 4822 909 4895 egyptium

137 4902 289 4982 (Schebek)
301 4908 418 4981 propius
431 4907 579 4977 accedens,
594 4908 702 4962 Sabaeo
717 4908 831 4963 fortasse
844 4909 911 4964 inde

136 4996 166 5049 in
179 4995 330 5049 laterculos
348 4994 525 5050 Manethonis
538 5005 682 5069 receptum
695 5004 751 5062 est,
766 4994 845 5068 quod
863 5014 910 5051 au·

136 5091 200 5135 ctor
221 5081 399 5136 Sebichuml
420 5082 616 5137 introduxerat
629 5082 722 5137 verbis
741 5098 748 5138 :
765 5080 906 5151 settene,

257 5202 400 5237 Filissflffl
411 5202 470 5238 lllsl'·
489 5200 530 5236 G!-
542 5212 566 5221 ·
577 5197 632 5233 ἴθι·
643 5193 680 5231 il·¹

1675 364 1731 411 593

955 510 1035 563 quent
1049 491 1318 547 SabacoHemdotns
1328 494 1462 566 appellen.
1475 495 1595 549 Nomina
1615 497 1734 567 aegyptia

956 590 1204 633 monumentorum
1219 597 1225 633 :

1016 696 1041 739 1.
1067 678 1182 753 (Seveclc
1197 680 1224 755 1)
1336 682 1464 737 Scaeam
1489 686 1672 740 Nrrnunrni.

1010 784 1037 819 a.
1062 765 1174 840 (Seveclt
1185 766 1222 841 11)
1337 770 1465 825 senam
1482 772 1657 829 Ri**u·u.

1011 852 1037 909 3.
1070 853 1078 928 ί
1097 852 1218 929 Tarius)
1338 857 1420 909 Tnnn
1434 857 1453 914 i.
1470 874 1495 913 e.
1506 858 1635 913 Tirhaka.

997 958 1080 1030 Regis
1089 957 1205 1012 secundi
1218 968 1332 1013 notatur
1352 978 1440 1013 annus
1458 962 1647 1029 duodecimus,
1664 968 1735 1037 regis

957 1044 1031 1097 tertii
1055 1061 1143 1098 annus
1163 1050 1325 1117 vicerimus,
1355 1064 1442 1116 quum
1469 1048 1616 1104 Africanus
1644 1052 1733 1106 Tarco

955 1130 1066 1184 nonnisi
1083 1128 1116 1183 18
1128 1148 1215 1185 annos
1232 1131 1346 1189 tribuat.
1358 1131 1452 1203 Quare
1462 1133 1491 1191 h.
1507 1134 1526 1190 l.
1541 1136 1672 1207 praeferas
1684 1155 1734 1191 nn-

875 1264 881 1276 ,
956 1232 1008 1267 nos
1022 1232 1058 1267 no
1070 1216 1098 1268 in
1108 1215 1264 1271 Eusebiano
1280 1218 1460 1277 Manethone.
1477 1220 1630 1276 Buusenius
1640 1224 1734 1277 statuit

956 1318 1003 1372 ap.
1024 1299 1186 1355 Africanum
1200 1320 1254 1375 pro
1276 1300 1309 1369 ιη’
1323 1303 1504 1359 scribendum
1516 1324 1573 1360 esse
1595 1305 1648 1373 κη’.
1672 1310 1734 1363 lloc

956 1388 1031 1441 enim
1038 1388 1124 1443 modo
1131 1389 1352 1462 totiusdynastiae
1360 1408 1448 1445 annos
1457 1409 1513 1446 esse
1521 1395 1734 1468 quinquaginta,

957 1492 1029 1547 quos
1060 1474 1185 1531 indicare
1211 1478 1344 1531 voluisset
1373 1478 1535 1533 Herodotus
1558 1481 1732 1537 Sabaconem

957 1562 1121 1635 AEthiopem
1134 1578 1186 1635 per
1201 1562 1238 1617 50
1253 1581 1342 1619 annos
1359 1582 1487 1639 regnasse
1507 1566 1610 1621 dicens.
1626 1600 1666 1609 —
1679 1570 1733 1623 Ce-

957 1658 1044 1701 terum
1059 1649 1169 1703 Sabello
1192 1650 1223 1703 in
1242 1649 1322 1705 libris
1335 1652 1419 1705 sacris
1433 1652 1590 1724 appellatur
1610 1654 1668 1708 Sua
1688 1656 1733 1711 vel

955 1734 994 1789 So
1011 1734 1116 1808 (Regg.
1130 1738 1176 1809 ΙΙ,
1197 1755 1240 1805 17,
1257 1732 1305 1811 4),
1320 1737 1356 1793 ad
1371 1756 1456 1810 quem
1471 1741 1562 1795 Hosea
1574 1742 1649 1795 circa
1671 1744 1732 1797 vite

956 1838 1061 1875 annum
1074 1825 1274 1897 sexagesimum
1296 1824 1464 1897 legationem
1481 1827 1565 1895 misit,
1581 1845 1638 1895 720
1652 1846 1678 1884 a.
1696 1829 1729 1885 C.

954 1924 1010 1961 sec.
1023 1910 1227 1983 Des-vignoles
1241 1909 1347 1969 Chron.
1362 1912 1389 1967 S.
1402 1942 1443 1959 -ι
1455 1913 1557 1967 Tatnos
1577 1915 1734 1987 appellatur

958 1989 1083 2071 Τιαρκὼς
1105 1997 1149 2051 vel
1167 1994 1293 2074 Τισίρκων
1307 2016 1353 2070 ap.
1369 1999 1537 2055 Strabonem
1550 2002 1580 2069 1,
1602 2020 1632 2073 p.
1648 2000 1682 2055 61
1701 2013 1728 2057 et

955 2082 1017 2154 XV,
1033 2100 1064 2153 p.
1081 2080 1147 2153 687,
1163 2083 1212 2137 ubi
1232 2083 1313 2151 vide;
1328 2080 1443 2161 Θαρακόι
1457 2087 1486 2139 in
1499 2086 1588 2158 Lxx,
1605 2088 1732 2143 Tarhalsa

954 2168 998 2229 yel
1012 2168 1115 2223 Τιίπία
1124 2170 1154 2224 in
1166 2180 1243 2225 textu
1251 2170 1404 2241 Hebraico;
1417 2170 1553 2247 Θαρσικής
1565 2192 1611 2245 ap.
1621 2176 1732 2247 loseph.

954 2257 989 2315 A.
1005 2256 1032 2313 J.
1048 2256 1090 2327 X,
1108 2274 1139 2329 ¹3
1162 2255 1269 2331 Θαρθᾶς
1285 2254 1405 2333 βασιλεὺς
1425 2258 1557 2315 Αἰθιόπων
1573 2262 1602 2312 in
1624 2260 1730 2319 Chron.

954 2342 1050 2397 Paseh.
1061 2358 1091 2412 p.
1108 2342 1172 2397 116.
1181 2344 1233 2397 Hic
1246 2354 1345 2398 contra
1359 2344 1495 2399 Sanherib
1509 2362 1603 2419 regern
1618 2348 1734 2419 expedi-

955 2423 1061 2477 tionem
1086 2425 1205 2497 suscepit
1232 2440 1306 2479 anno
1339 2425 1463 2479 Ezechioe
1502 2425 1611 2481 decimo
1631 2438 1731 2499 quarto

955 2508 1059 2587 (Regg.
1077 2512 1122 2579 11,
1142 2530 1187 2586 19,
1201 2529 1236 2585 93
1247 2513 1319 2567 tes-ai
1335 2511 1380 2583 37,
1392 2531 1421 2586 9.
1435 2513 1550 2585 loseph.
1568 2514 1587 2571 l.
1599 2514 1649 2587 1.),
1664 2534 1730 2575 nun.

962 2596 997 2651 18
1008 2618 1055 2655 νει.
1070 2596 1183 2657 Nason:
1203 2602 1276 2654 Tum
1289 2618 1357 2656 vero
1379 2598 1507 2655 nondum
1522 2617 1572 2655 rex
1590 2611 1663 2668 erat,
1683 2601 1732 2656 sed

954 2686 1101 2741 auxiliares
1121 2688 1215 2759 copias
1233 2705 1267 2741 ex
1286 2686 1426 2759 AEthiopia
1443 2688 1581 2761 AEgyptiis
1601 2687 1729 2743 adduxe·

954 2782 997 2825 rat
1014 2770 1142 2845 (loseph.
1157 2774 1180 2829 -Ι,
1196 2774 1215 2827 l.
1225 2774 1243 2846 l.
1259 2774 1357 2827 Postea
1369 2783 1462 2827 autem
1477 2786 1634 2829 contraeos
1644 2775 1731 2848 ipsos,

953 2858 1056 2929 quibus
1065 2859 1170 2914 auxilio
1183 2869 1307 2932 venerat,
1317 2876 1346 2913 se
1356 2861 1541 2933 convertisse,
1556 2861 1734 2933 imperioque

953 2962 1005 3015 per
1016 2946 1120 2999 caedem
1135 2946 1245 3001 Sebichi
1260 2946 1365 3018 potitus
1378 2963 1434 3001 esse
1453 2946 1572 3001 videtur.
1586 2948 1667 3003 Certe
1677 2948 1731 3005 ea·

953 3049 1013 3084 non
1036 3033 1201 3105 Hieronymi
1221 3033 1250 3085 in
1269 3050 1327 3085 uno
1350 3032 1447 3087 codice
1472 3033 1597 3087 Palatino
1618 3044 1734 3089 annotat
1759 3068 1770 3097 0

954 3118 1031 3175 haee:
1049 3118 1197 3185 Tarachus,
1214 3118 1332 3173 Sebicho
1342 3116 1492 3189 interfircto,
1506 3124 1642 3194 AEgyptiis
1651 3128 1733 3175 arenis

953 3204 1020 3257 XX
1025 3203 1033 3278 ί
1043 3208 1073 3259 V.
1088 3206 1200 3260 Boeckh.
1211 3224 1237 3279 p.
1253 3204 1332 3279 329).
1343 3207 1469 3262 Fortasse
1482 3217 1575 3261 tamen
1584 3226 1731 3280 perperam

954 3288 1099 3361 interfecto
1118 3293 1240 3365 positum
1253 3302 1293 3346 est
1305 3307 1359 3365 pro
1374 3303 1487 3347 mortuo.
1509 3324 1548 3334 -
1566 3295 1609 3348 De
1631 3305 1732 3365 quarto

954 3396 1019 3452 rege
1049 3380 1193 3454 AEthiope,
1214 3382 1263 3453 qui
1284 3382 1365 3435 initio
1389 3381 1520 3455 dynastiae
1545 3386 1684 3454 sequentis
1703 3387 1734 3439 in

954 3466 1077 3539 AEgypto
1094 3468 1240 3540 superiore
1260 3469 1399 3541 regnavit,
1414 3468 1479 3521 vide
1494 3467 1592 3541 fragm.
1612 3486 1668 3542 seq.

1084 3620 1252 3673 vtcssstttn
1276 3622 1392 3675 SEXTA
1414 3621 1606 3674 DYNASTIA.

1321 3758 1366 3811 66.

1180 3890 1253 3945 SEG.
1278 3891 1505 3947 ntntcntttt.

995 4038 1115 4111 Syncell.
1132 4056 1160 4110 p.
1176 4036 1276 4107 75,1):
1293 4032 1381 4105 Ἕκτη
1404 4034 1448 4093 καὶ
1465 4036 1566 4105 εἰκοστὴ
1592 4036 1729 4093 δυναστεία

956 4120 1059 4182 Σαϊτῶν
1073 4120 1200 4201 βασιλέων
1215 4121 1296 4179 ἐννία.
1731 4118 1734 4123 ¹

995 4208 1019 4265 α’
1043 4206 1361 4287 Στσφινοίτηςέσηζ.

996 4296 1021 4373 β’
1043 4296 1256 4375 Νοχοψὼςίτη
1273 4296 1308 4360 ς’.

992 4380 1016 4459 γ’
1040 4382 1268 4462 Νοχαὼέτηη’.

995 4468 1017 4527 δ’
1039 4468 1271 4553 Ψαμμήτρχος
1285 4468 1330 4541 ἔτη
1347 4469 1392 4527 νδ’.

995 4555 1015 4614 ε’
1037 4555 1157 4635 Νιχαὼ
1167 4555 1282 4637 δεύτερος
1297 4554 1341 4627 ἔτη
1357 4556 1391 4621 ς’.
1409 4548 1494 4623 Οὗτος
1506 4548 1558 4615 tiit
1571 4556 1617 4627 τὴν
1632 4556 1733 4638 ‘lepon-

956 4642 1047 4719 σαλὴμ
1058 4643 1104 4701 καί
1116 4643 1231 4721 Ἰωσίροζ
1245 4642 1287 4701 τὸν
1302 4640 1411 4721 βασιλέα
1425 4643 1593 4721 αἰχμάλωτον
1604 4646 1638 4709 είς
1653 4650 1733 4719 Λίγυ-

954 4752 1019 4789 πτον
1033 4730 1161 4806 ἀπήγαγε.

995 4816 1020 4883 ς’
1041 4816 1091 4877 Ψιί
1103 4820 1242 4893 μμουθις
1254 4814 1338 4896 ἕτερος
1350 4815 1396 4887 ίτη
1410 4814 1445 4883 ἔξ.

995 4902 1016 4971 ζ’
1039 4902 1186 4983 Οὔαρρις
1209 4902 1254 4975 ίτη
1276 4902 1321 4977 σθ’,
1334 4895 1355 4984 ᾧ
1370 4902 1529 4983 προσέφυγον
1545 4903 1658 4972 ἁλούσης
1678 4904 1728 4960 ὑπὸ

956 4990 1096 5069 Ἀσσυρίων
1110 4990 1285 5071 Ἰερουσαλὴμ
1297 4994 1319 5051 ol
1334 4994 1384 5049 τῶν
1400 4990 1532 5051 Ἰουδαίων
1546 4990 1691 5048 ὑπόλοιποι.

997 5080 1022 5153 η’
1043 5078 1183 5155 Ἄμονσις
1195 5080 1240 5150 ίττ,
1253 5080 1305 5156 μί’.

1573 5184 1601 5222 aa
