3834 5767
218 367 273 414 aaa
792 401 799 412 ,
884 351 1133 410 uicasncnrs

217 497 340 556 peratum
362 507 431 555 csse,
455 487 531 558 quod
546 505 628 539 unaue
647 489 709 538 vitae
731 497 839 558 teinpus
857 487 985 558 pliiloso-
1074 489 1197 540 Primum
1220 489 1304 560 igitur
1325 488 1353 539 in
1374 487 1529 559 fragmento
1549 485 1620 560 (59),
1639 487 1716 559 ‹iutrd
1735 489 1794 542 Pelii

217 575 331 646 phando
364 575 537 646 transegerit,
564 589 733 644 pruinisque
764 571 916 644 neglexerit
944 568 987 623 τὸν
1033 576 1135 626 montis
1157 575 1375 646 descriptionem
1398 574 1538 640 continet,
1561 576 1716 629 Demetrias
1736 577 1797 628 urbs

218 659 359 736 πρακτικὸν
381 658 449 732 βίον,
468 677 551 730 quiem
571 660 670 712 summi
693 645 849 712 lacidirdum
869 675 925 711 esse
939 658 987 711 Di·
1033 672 1280 716 commemoratur.
1302 662 1370 730 Quae
1393 678 1451 731 quo
1472 679 1547 714 anuo
1567 661 1682 715 condita
1700 663 1734 715 sit
1752 665 1795 716 etsi

176 799 183 813 ,
218 745 640 802 cararcbuscontendit.Etenim
657 745 800 798 itnCicero
815 743 927 798 Adhtt.
944 744 988 809 tt,
1033 748 1257 800 accuratinsnon
1266 745 1398 814 traditur,
1410 746 1554 800 conditam
1564 757 1797 818 tamt-nessepatet

223 832 256 886 16
275 850 281 887 ε
298 835 377 885 Nina
389 851 500 903 morsus
521 831 571 882 hoc
591 836 686 896 statui,
712 842 742 882 ut
760 835 889 900 quoniam
911 841 989 880 tarrtu
1035 834 1105 885 inter
1114 834 1291 904 septennium
1302 831 1453 903 istud,per
1463 832 1541 903 quod
1550 851 1639 906 regno
1648 835 1798 888 Demetrius

217 923 396 972 controuersia
417 929 458 970 est
480 917 658 980 Diceeurcho‚
678 913 824 984 familiari
845 927 900 980 tito,
929 932 989 966 cum
1034 909 1203 972 Poliorcetes
1211 917 1432 990 potitusostlffl.
1447 917 1696 986 121,3-ta3,3.
1709 930 1797 990 294-

223 1004 423 1078 Theophrasto,
440 1010 528 1076 amico
539 1022 610 1066 meo,
628 1014 657 1055 at
670 1007 679 1054 i
683 1004 719 1055 lle
730 1015 789 1056 tum·
799 999 849 1056 τὸν
862 1021 991 1076 apaust-
1024 999 1090 1071 2⁸7
1099 1003 1118 1075 l.
1133 1005 1278 1058 Smnamus
1291 1022 1396 1058 anuum
1406 1003 1532 1058 medium
1547 1022 1632 1075 apoa
1657 1007 1689 1060 C.
1704 1009 1764 1060 tau
1779 1009 1799 1059 si

217 1088 270 1146 κον
287 1087 355 1166 βίον
371 1093 451 1162 hange
463 1090 588 1141 urrrnibar
603 1099 763 1160 anteponat,
779 1086 825 1138 hic
834 1095 924 1139 etatem
939 1082 990 1139 τὸν
1033 1098 1150 1163 statuas,
1162 1091 1242 1163 quod
1250 1090 1439 1164 probabiliter
1451 1100 1572 1144 statuere
1587 1092 1667 1160 licet,
1683 1094 1797 1147 Dicaear-

218 1173 425 1253 θεωρητικὸν,
439 1181 574 1246 utriquest
586 1193 629 1228 rue
647 1193 704 1226 mor
715 1185 806 1244 gestia·
824 1191 883 1225 esse
896 1173 989 1224 eideu·
1034 1175 1799 1250 cirumquotemporeAristotelesmortuusest(Ol.114,

218 1276 269 1320 tur.
281 1265 350 1316 Puto
363 1267 435 1314 enim
447 1279 489 1312 rue
503 1259 662 1312 Dicoeareho
673 1257 789 1329 affatim
805 1255 973 1326 satisfecisse
978 1278 988 1322 ,-
1036 1257 1062 1315 3.
1087 1259 1143 1314 322
1152 1257 1175 1334 J,
1190 1263 1252 1316 ritae
1266 1279 1369 1318 aunum
1389 1264 1474 1335 egisse
1485 1253 1631 1316 minimum
1646 1265 1799 1318 vicesimum

219 1356 335 1421 respicio
352 1367 424 1402 atine
443 1348 482 1400 ad
500 1346 573 1399 lianc
583 1343 747 1414 firmiliani,
768 1363 831 1417 qaae
851 1344 920 1397 mihi
937 1362 991 1396 non
1034 1348 1176 1417 quintum,
1192 1349 1319 1420 adeoque
1329 1361 1427 1404 natum
1438 1367 1494 1404 esse
1504 1351 1580 1404 eirca
1592 1348 1647 1418 347
1659 1367 1687 1404 a.
1703 1350 1734 1404 C.
1745 1369 1753 1404 :
1764 1370 1799 1403 se·

218 1436 297 1490 niodo
324 1447 352 1486 ut
383 1439 548 1504 requiescam
571 1437 721 1504 permittit,
747 1432 798 1484 sed
817 1430 993 1504 reprehendit
1034 1433 1130 1503 quitur
1144 1453 1292 1489 cumanno
1305 1454 1397 1508 apos.
1412 1436 1444 1492 C.
1458 1437 1657 1509 egisseanuum
1669 1438 1799 1508 quinqua-

218 1527 284 1594 quia
298 1540 351 1573 noa
366 1538 473 1592 seraper·
486 1524 640 1590 quieverint.
657 1519 699 1572 Cf.
718 1517 793 1571 idem
808 1517 845 1570 ib.
860 1519 926 1583 Vll,
942 1517 958 1570 3
980 1535 988 1572 :
1033 1521 1167 1590 gesimam
1176 1524 1334 1594 septimum.
1346 1555 1385 1562 -
1396 1525 1487 1577 Porro
1499 1522 1611 1576 duobus
1619 1524 1690 1577 locis
1699 1523 1743 1594 (ir.
1756 1523 1798 1598 tt]

218 1611 259 1660 Ac
265 1614 386 1678 primurn
398 1608 477 1664 ilhul,
494 1611 522 1657 in
532 1625 584 1678 quo
596 1616 621 1658 te
633 1602 794 1656 Dicaearcho
803 1607 931 1656 assentiri
940 1621 989 1656 ne·
1035 1623 1127 1660 versus
1138 1609 1268 1662 nonnulli
1279 1627 1294 1663 e
1312 1608 1465 1684 Posidippo
1480 1607 1675 1666 Cassandrensi
1697 1596 1799 1664 comico

217 1711 281 1760 gur,
297 1699 347 1744 etsi
357 1693 533 1764 cupidinaria·
547 1697 696 1762 expetitum
709 1699 780 1742 anre
788 1694 838 1753 sit,
856 1701 883 1741 ct
891 1707 989 1762 oppam·
1033 1691 1196 1753 alleruntur.
1219 1694 1386 1767 Posidippus
1404 1712 1487 1762 vero,
1511 1695 1623 1768 triginta
1646 1696 1799 1751 fabularum

219 1779 348 1846 haerete,
359 1797 393 1830 ue
405 1779 507 1830 eliacim·
519 1781 881 1848 annoirrproeiuciucssem,
897 1786 989 1828 tamen
1035 1789 1143 1845 auctor,
1168 1780 1271 1835 docere
1292 1783 1377 1854 coepit
1400 1801 1474 1836 anno
1498 1783 1581 1835 tertio
1602 1793 1799 1853 postmortem

217 1889 271 1924 nou
283 1884 323 1924 ert
332 1883 423 1925 nostra
437 1876 608 1924 contentione
617 1867 780 1942 perfectum.
797 1867 876 1920 Idem
893 1868 930 1923 ib.
945 1869 988 1934 tt,
1034 1865 1194 1932 lllcnandri,
1205 1867 1262 1920 sive
1276 1867 1320 1920 Ol.
1339 1885 1407 1933 aaa,
1421 1873 1447 1929 h.
1470 1865 1526 1939 289
1539 1871 1548 1937 i
1559 1866 1658 1922 Suidas
1670 1887 1699 1926 ν.
1714 1869 1800 1928 ssusii,

219 1975 268 2026 ao,
283 1969 311 2010 et
325 1958 367 2028 ll,
385 1975 417 2009 ια
436 1955 649 2008 :Dicaearchum
664 1966 735 2008 recte
746 1971 845 2006 anius:
864 1954 988 2006 luculea-
1033 1949 1074 2006 Cl.
1094 1951 1216 2007 Clinton.
1239 1954 1276 2006 ad
1295 1972 1342 2010 an.
1364 1954 1449 2026 289).
1471 1954 1561 2026 igitur
1581 1955 1604 2008 si
1620 1956 1801 2011 concedamus

218 2055 260 2095 tus
277 2044 358 2098 horreo
369 2053 410 2096 est
420 2054 448 2096 et
458 2047 523 2094 ciris
535 2041 613 2094 harad
621 2043 718 2114 paullo
733 2042 832 2092 melior
848 2057 930 2110 quoru
946 2044 990 2092 isti
1033 2055 1128 2092 versus
1140 2040 1206 2092 istos
1219 2057 1234 2093 e
1253 2041 1352 2110 primis
1373 2039 1517 2110 Posidippi
1538 2040 1683 2094 comoediis
1705 2045 1803 2114 petitos

218 2135 303 2182 nostri
317 2125 713 2204 ἀδικαιάρχειοι.ΡΙανί1)ιιν
726 2129 824 2182 Cicero
837 2125 990 2181 Dicaearcbi
1034 2141 1107 2191 csse,
1128 2127 1255 2197 sequitur
1280 2144 1365 2198 opus,
1397 2129 1427 2179 in
1450 2145 1507 2198 quo
1530 2126 1692 2195 laudantur,
1718 2147 1736 2183 a
1757 2134 1801 2185 tn-

217 2216 380 2270 sententiam
395 2214 431 2268 de
444 2211 540 2268 studiis
555 2213 638 2266 rebus
653 2213 780 2266 civilibus
794 2209 991 2284 impendendis
1033 2213 1157 2264 caearcho
1178 2213 1253 2266 inter
1271 2214 1471 2286 sexagesimum
1486 2212 1598 2266 demum
1613 2224 1641 2267 et
1661 2227 1802 2290 septuage-

218 2303 376 2373 exposuisse
391 2299 503 2354 videtur
523 2300 604 2352 initio
626 2300 719 2372 operis
733 2300 774 2352 De
792 2299 878 2370 Rep,
897 2298 937 2350 uti
953 2314 988 2350 ex
1034 2298 1133 2350 simum
1147 2299 1209 2352 ritae
1221 2317 1326 2352 annum
1337 2299 1478 2353 conscribi
1488 2301 1622 2371 potuisse.
1634 2301 1730 2370 Quum
1739 2321 1802 2356 vcro

218 2397 380 2459 comparato
402 2387 538 2442 Luctantii
558 2385 770 2440 institutionum
788 2384 904 2438 exordio
919 2403 988 2456 pro·
1033 2382 1102 2436 nibil
1117 2394 1199 2457 cogat
1213 2395 1244 2438 ut
1264 2385 1427 2439 Dicaearcho
1445 2385 1598 2458 fragmenta
1614 2388 1664 2443 ista
1679 2389 1801 2443 tribuan-

218 2474 348 2528 babilitor
370 2473 514 2528 concludit
539 2474 663 2526 Moscius
687 2470 696 2544 l
708 2471 745 2526 ad
764 2471 822 2528 cic.
853 2471 895 2524 De
915 2471 987 2543 liep.
1035 2480 1091 2537 tur,
1115 2481 1143 2524 et
1161 2489 1214 2542 per
1236 2490 1265 2526 se
1282 2472 1459 2544 probabilius
1478 2473 1513 2524 sit
1537 2471 1645 2526 laudari
1666 2476 1802 2528 comicum

216 2576 247 2632 p.
269 2557 428 2631 LXXVII).
446 2561 589 2613 Pertinent
608 2577 675 2612 uero
698 2559 754 2612 liuo
773 2559 856 2612 etiarn
874 2576 904 2610 ea
928 2576 989 2629 quae
1034 2574 1092 2609 non
1110 2575 1185 2610 utine
1211 2559 1334 2630 primum
1353 2569 1541 2631 surgentcma
1559 2576 1625 2612 sene
1646 2557 1802 2632 decrepito,

218 2647 382 2702 Plutarchus
393 2647 477 2700 habet
491 2645 550 2718 (An
563 2647 619 2699 seni
632 2663 691 2718 ger.
709 2661 780 2715 resp.
793 2661 818 2694 e.
834 2641 885 2714 26)
902 2639 989 2706 2'1'0tn
1034 2641 1083 2696 sed
1105 2640 1252 2698 llorentcm
1266 2645 1310 2698 rel
1329 2645 1411 2698 ctiam
1430 2643 1488 2714 jam
1501 2645 1643 2698 mortuum
1658 2645 1695 2698 ab
1709 2649 1802 2718 aequali

218 2733 243 2786 ἐν
266 2739 321 2795 ταῖς
343 2733 430 2796 στοαῖς
450 2728 667 2802 ἀνακάμπτοντας
688 2727 838 2804 περιπατεῖν
853 2725 935 2804 φασὶ,
954 2730 989 2792 ὡς
1034 2730 1078 2783 rel
1098 2731 1181 2783 etiam
1199 2731 1312 2801 junior’e
1332 2733 1483 2803 scriptore,
1505 2731 1583 2785 vides
1604 2730 1802 2806 chronologica

218 2815 290 2894 ἔλεγε
304 2817 480 2894 Δικαίαρχος,
494 2815 578 2873 οὐκέτι
594 2813 620 2872 δὲ
636 2813 692 2879 τοὺς
706 2816 741 2878 εἰς
752 2811 795 2868 τὸν
808 2812 885 2890 ἀγρὸν
900 2811 990 2891 lupia<
1035 2827 1176 2870 momenta
1196 2836 1230 2871 eo
1250 2819 1344 2889 potius
1361 2835 1413 2871 nos
1437 2816 1593 2884 adducere,
1610 2828 1643 2870 ut
1661 2837 1736 2890 opus
1750 2820 1801 2872 boc

219 2891 291 2982 ρίλον
314 2902 475 2982 βαδίζοντας.
503 2903 667 2974 Cujusinodi
690 2899 863 2974 philosophis
887 2901 989 2957 deinde
1034 2903 1197 2957 Dicaearcho
1209 2904 1428 2974 abjudicandum
1448 2921 1685 2958 emerenseamus.
1834 2965 1837 2969 ,

219 2993 373 3064 opponitur
402 2987 499 3043 nobile
520 2990 641 3042 Socratis
663 2988 837 3060 exemplum,
859 2988 909 3058 qui
931 3005 990 3041 non
1074 2991 1213 3044 Hactenus
1224 2990 1262 3044 de
1274 2992 1331 3044 vita
1341 2989 1504 3044 Dicaearchi.
1517 2991 1579 3045 lam
1592 2989 1673 3061 quod
1685 2993 1803 3064 scripto·

218 3077 304 3132 modo
317 3076 521 3150 philosophus,
534 3074 583 3128 sed
594 3075 660 3128 civis
672 3075 754 3128 etiarn
774 3074 895 3145 optimus
905 3072 990 3128 luerit
1034 3093 1093 3128 rem
1106 3077 1219 3140 attinet,
1232 3077 1357 3130 unanimi
1372 3088 1497 3131 veterum
1514 3093 1650 3130 consensa
1665 3077 1741 3131 inter
1760 3096 1805 3131 eos

219 3169 261 3234 tv.
274 3163 374 3236 fragm.
399 3158 518 3234 ultim).
536 3161 668 3214 Similiter
691 3163 780 3232 ipsum
798 3160 989 3214 Dicaearchum
1033 3162 1210 3215 Dicaearchus
1231 3173 1403 3230 recensetur,
1429 3162 1478 3234 qui
1503 3162 1646 3233 exquisitae
1669 3161 1804 3216 doctrina

218 3249 254 3304 de
273 3251 355 3304 rebus
370 3247 497 3301 civilibus
515 3248 645 3300 meritum
667 3246 747 3300 luisse
766 3257 850 3316 atque
873 3245 989 3301 munerti
1034 3248 1116 3319 copia
1129 3249 1297 3302 etvarietate
1311 3247 1492 3319 docendique
1507 3247 1636 3301 facultate
1648 3248 1805 3320 principem

217 3337 330 3408 publica
347 3335 457 3408 gessisse
480 3331 716 3408 (Lacedaemone)
739 3350 774 3386 ex
801 3332 889 3384 allatis
909 3332 989 3388 facile
1034 3334 1127 3387 locum
1142 3336 1171 3387 in
1193 3333 1339 3407 republica
1360 3335 1483 3389 literaria
1500 3334 1683 3387 obtinuerint.
1701 3334 1804 3390 Audia-

218 3423 369 3494 colligitur.
1034 3439 1095 3474 mus
1105 3421 1192 3474 modo
1209 3438 1215 3475 :
1232 3420 1410 3474 Dicaearchus
1420 3422 1592 3474 doctissimas
1601 3420 1681 3475 horno
1698 3423 1804 3490 (Varro

257 3509 392 3562 Praeterea
413 3507 448 3560 de
470 3507 525 3560 vita
548 3505 700 3560 Dicaearchi
722 3504 791 3557 nihil
814 3505 989 3576 accepimus,
1033 3507 1075 3560 De
1086 3508 1122 3562 tt.
1142 3509 1176 3562 tt.
1192 3509 1221 3574 l,
1240 3506 1289 3579 t);
1304 3513 1353 3562 vir
1370 3513 1506 3579 imprimis
1520 3508 1642 3560 eruditas
1661 3506 1750 3579 (Plin.
1767 3509 1803 3562 tt.

218 3597 268 3650 uisi
277 3593 355 3666 quod
363 3592 437 3669 apud
448 3593 568 3646 Plinium
581 3591 628 3663 (ir.
638 3591 684 3662 δι)
700 3609 794 3662 regum
804 3611 874 3646 cura
886 3604 989 3646 montes
1034 3591 1068 3647 N.
1082 3592 1151 3658 tt,t›'
1166 3591 1216 3666 513
1231 3590 1481 3668 ἱστορικώτατος
1494 3593 1567 3665 (Cic.
1578 3593 1623 3648 nd
1634 3597 1691 3648 Att.
1704 3595 1746 3661 lt,
1760 3594 1805 3665 613

216 3700 341 3736 eniensus
359 3697 416 3736 esse
436 3679 549 3734 dicitur.
567 3681 648 3734 Hunc
663 3680 692 3732 in
706 3676 790 3734 finem
804 3679 940 3736 Graeciam
954 3680 989 3734 ab
1033 3680 1141 3732 ‹atteia›
1154 3699 1225 3733 mccc
1241 3679 1420 3734 Dico-arrhas
1439 3679 1496 3752 tid.
1512 3681 1594 3735 Tirsc.
1609 3681 1640 3749 1,
1660 3679 1691 3733 31
1704 3675 1726 3752 );
1733 3686 1806 3752 peri·

216 3789 250 3824 co
266 3779 443 3841 peragratam
458 3784 514 3820 esse
536 3781 589 3838 pro
608 3775 685 3819 certo
707 3764 764 3820 lere
783 3783 890 3839 ponere
911 3766 987 3823 licet.
1030 3771 1164 3836 patericus
1181 3784 1298 3838 magnus
1317 3777 1346 3818 et
1361 3771 1482 3838 copiosus
1496 3763 1552 3838 (id.
1566 3768 1608 3819 De
1620 3763 1672 3822 ott.
1696 3767 1741 3831 11,
1758 3762 1806 3837 5),

215 3857 289 3932 llum
312 3855 441 3928 longiora
464 3853 639 3925 geographus
654 3853 754 3906 itinera
775 3854 934 3919 instituerit,
961 3854 989 3906 iu
1033 3852 1274 3906 Dicccurchuscum
1285 3858 1458 3916 Aristoxeno,
1469 3853 1541 3906 docti
1549 3851 1806 3923 sarrehmnineslid.

215 3940 309 4012 taedio
334 3937 561 4010 relinquendum.
589 3939 741 4009 Quousque
758 3938 878 4012 denique
903 3941 989 3993 vitam
1033 3940 1114 3992 Tusc.
1129 3941 1156 4006 l,
1177 3938 1244 4011 18);
1262 3939 1454 3993 Dicaearchum
1470 3938 1623 3992 mehercule
1635 3950 1685 3992 aut
1700 3942 1803 3992 Aristo

216 4027 394 4099 produxerit,
415 4043 450 4079 ne
473 4024 634 4095 conjectura
658 4025 772 4096 quidem
790 4027 898 4101 assequi
913 4026 988 4078 licet.
1033 4043 1134 4079 aenum
1148 4027 1252 4080 diceres
1264 4031 1376 4091 arcessi,
1399 4033 1454 4079 nort
1468 4044 1550 4078 unum
1570 4029 1690 4080 omniura
1712 4027 1806 4099 loquer·

214 4115 302 4169 Multa
311 4105 426 4185 quidem
437 4110 472 4165 de
483 4111 656 4184 temporibus
663 4113 816 4167 Dicaearchi
826 4113 989 4168 Dodwellus
1032 4116 1167 4166 cisshnurn
1181 4125 1210 4167 et
1225 4118 1338 4168 minima
1353 4125 1450 4185 aptum
1469 4114 1511 4166 ad
1520 4113 1672 4166 docendian
1687 4110 1747 4182 (id.
1763 4111 1807 4166 Ad

214 4195 290 4254 sueta
308 4199 476 4254 verbositate
491 4197 642 4270 disputavit
664 4215 670 4252 :
694 4215 793 4252 verum
813 4217 877 4253 usus
889 4217 988 4253 eorum
1033 4202 1091 4256 Att.
1103 4201 1184 4271 VIII,
1197 4197 1246 4273 t.);
1257 4200 1373 4271 Semper
1384 4198 1480 4254 habuit
1490 4200 1640 4272 (Panaetius
1649 4197 1703 4270 sc.)
1721 4204 1807 4252 inore

215 4301 293 4356 paene
313 4285 406 4337 nullus
421 4293 468 4338 est.
484 4283 619 4338 Nituntur
632 4285 706 4338 enirn
724 4284 782 4339 haec
808 4286 901 4338 omnia
919 4285 989 4338 locis
1032 4286 1191 4348 Plutonem,
1216 4286 1402 4348 Aristotelem,
1422 4286 1621 4348 Xenocratem,
1646 4283 1810 4356 Theophra:

215 4370 383 4443 quibusdam
402 4372 524 4424 metricae
538 4372 584 4436 τῆς
598 4365 726 4433 Ἑλλάδος
748 4370 910 4446 ἀναγραφῆς,
926 4389 988 4442 quae
1032 4383 1116 4438 stain,
1136 4370 1347 4438 Dicaerchum,
1371 4383 1402 4424 ut
1418 4376 1504 4442 ipsius
1520 4376 1625 4443 scriptu
1640 4371 1802 4433 dechtrorrt,

214 4457 376 4512 Dicaearcho
385 4458 452 4510 olim
463 4457 649 4524 tribuebatur,
660 4476 747 4528 quum
754 4455 881 4528 Dionysii
887 4457 922 4510 sit
928 4460 988 4510 aevi·
1032 4479 1099 4531 qum
1110 4459 1219 4531 orielem
1238 4458 1289 4511 tibi
1307 4459 1427 4512 studiose
1440 4470 1469 4510 et
1482 4459 1633 4530 diligenter
1647 4457 1806 4510 uouendos

214 4561 269 4616 que
281 4540 368 4598 infimi
379 4542 476 4610 suetus,
492 4553 552 4596 tum
564 4561 632 4598 vero
643 4542 753 4598 indiciis
764 4543 905 4598 nonnullis
915 4543 987 4618 lrag·
1032 4563 1196 4618 maginpere
1208 4563 1303 4598 censeo
1322 4543 1374 4617 lid.
1386 4546 1429 4598 De
1442 4541 1493 4597 fin.
1509 4546 1562 4609 itt,
1576 4543 1613 4597 all
1621 4539 1647 4617 );
1662 4543 1809 4596 Mirabilis

213 4625 373 4706 mentorum
387 4645 471 4700 prosa
492 4630 620 4684 oratione
637 4631 820 4700 scriptorum,
845 4647 905 4700 quae
920 4645 987 4701 poe·
1032 4637 1081 4685 uir.
1161 4633 1299 4701 Magnum
1320 4649 1445 4684 acervum
1468 4629 1628 4684 Dicaearchi
1646 4628 1718 4682 milri
1740 4640 1807 4681 ante

214 4719 274 4770 tica'r
289 4717 331 4772 isti
347 4713 493 4792 Ἀναγραφῇ
509 4718 539 4770 in
553 4715 638 4770 codd.
653 4715 868 4790 subjunguntur.
883 4719 986 4771 Verum
1028 4721 1113 4790 pedes
1133 4731 1334 4772 restruxerunt.
1354 4718 1380 4771 0
1401 4736 1533 4790 magruun
1554 4717 1707 4779 hominem,
1737 4727 1768 4769 ct
1788 4733 1807 4766 a

214 4803 296 4856 etiam
309 4803 368 4856 haee
382 4813 477 4854 utrum
489 4802 642 4865 Dicaearchi
656 4802 724 4866 sint,
739 4820 774 4856 an
785 4803 854 4855 alius
864 4803 986 4874 scripto·
1030 4826 1082 4878 qrto
1096 4807 1272 4877 multoplures
1283 4805 1411 4858 didiceris
1419 4823 1502 4877 quam
1512 4806 1549 4856 dl·
1562 4805 1680 4857 Procilio
1691 4800 1744 4875 (id.
1759 4801 1806 4855 Ad

214 4889 479 4955 ris,incertissimum
489 4886 985 4946 est.FaciamustameneaDicaearchi
1031 4898 1088 4949 Att.
1111 4895 1137 4946 ll
1145 4933 1152 4959 ,
1175 4891 1221 4966 a).
1241 4921 1281 4934 -
1302 4888 1451 4961 Reliquum
1477 4901 1517 4945 est
1543 4901 1574 4943 ut
1595 4889 1744 4943 videamus
1769 4887 1807 4943 de

214 4995 283 5042 esse,
301 4974 499 5047 videamusque
511 4976 579 5048 quid
596 4974 661 5028 inde
673 4974 708 5028 ad
722 4985 849 5045 tempora
862 4977 986 5029 auctoris
1029 4979 1195 5050 scriptorum
1210 4978 1272 5044 illo,
1286 4995 1369 5048 quem
1381 4978 1479 5030 Cicero
1492 4977 1575 5049 uicti,
1590 4993 1699 5029 acervo.

214 5062 406 5117 coristituenda
420 5073 645 5136 curiaequerctur.
