3834 5767
692 407 741 466 DE
762 406 916 466 Glill’lilS
937 405 1187 464 FRAGMENTA.

183 545 311 597 Ceterum
334 541 430 594 corriel·
450 541 615 612 proverbia,
630 559 691 610 quae
706 540 734 592 in
750 536 816 594 Βίων
832 555 916 610 opero

142 632 240 700 passim
255 627 404 705 luutlautur
418 627 451 683 fr.
466 625 498 695 5,
515 645 564 698 19,
579 645 629 692 ao,
643 637 670 678 et
684 624 760 697 quod
775 626 917 697 posuimus

143 715 176 771 ir.
188 723 234 779 14.
250 735 275 770 c.

432 838 613 864 ψ·-

398 935 487 993 ῘΙΕΡΙ
508 933 657 993 ΓΡΙΦΩΝ.

503 1054 552 1110 61.

182 1175 409 1241 AthenaeuleV,
417 1192 446 1246 p.
454 1172 551 1242 620,c
562 1192 569 1226 ι
579 1169 712 1248 Κλέαρχος
722 1171 916 1250 ίντῷπροτίρω

145 1259 213 1338 Περὶ
224 1258 321 1340 γρίφων
330 1261 411 1335 (rgo.
425 1257 561 1337 γραφῶν)·
572 1283 582 1308 ι
593 1255 636 1314 Τδ
650 1255 801 1336 Ἀρχιλόχου
817 1257 913 1332 (φησίν)

143 1350 157 1402 δ
171 1345 318 1421 Σιμωνίδης
332 1348 346 1402 δ
359 1342 501 1408 Ζακύνθιος
521 1344 549 1399 ἐν
566 1349 618 1404 τοῖς
636 1341 751 1420 θεάτροις
768 1341 811 1399 ἐπί
825 1342 915 1420 δίφρου

142 1423 285 1498 καθήμενος
297 1421 449 1500 ἐρραψῴδει.
462 1423 607 1496 vulgatam
621 1417 689 1496 Περὶ
706 1423 811 1498 γραφῶν
822 1433 916 1476 tuetur

142 1511 408 1584 Schweighaeuserus
416 1508 451 1564 ad
465 1509 493 1566 b.
510 1510 528 1562 Ι.
548 1531 559 1556 ο
575 1509 609 1562 In
621 1507 695 1561 libro
709 1509 758 1580 qui
772 1505 837 1585 Περὶ
851 1528 915 1584 γρα·

142 1599 207 1672 φῶν,
221 1597 249 1650 id
263 1607 302 1652 est
313 1599 484 1669 Depicnois,
500 1593 646 1665 inscriptus
658 1603 731 1662 erat,
742 1595 915 1648 occasionem

143 1685 180 1738 ‹le
208 1683 352 1754 rlrapsodis
381 1679 540 1754 disputandi
568 1679 635 1734 iude
660 1679 775 1734 fortasse
803 1691 914 1751 ceperat

140 1771 308 1836 Clearchus,
327 1767 406 1840 quod
425 1767 465 1820 illi
483 1765 615 1820 baculum
640 1783 725 1818 mauu
744 1777 865 1819 tenentes
885 1767 915 1818 in

143 1857 225 1927 pictis
241 1855 342 1910 tabulis
358 1852 505 1907 ostendere
521 1863 722 1905 consueverant
741 1851 916 1905 auditoribus

143 1943 249 1996 lormas
260 1941 407 1994 bominum
419 1955 562 2005 rerumve,
577 1937 612 1992 de
625 1937 726 2008 quibus
739 1937 872 2012 agebatur
886 1940 914 1991 iu

142 2028 312 2082 carminibus
325 2045 386 2098 quae
401 2026 436 2079 ab
452 2011 506 2078 iliis
516 2023 737 2078 decantabantur
753 2023 792 2098 (l).
810 2049 821 2071 ιι

503 2137 549 2193 6ο.

180 2251 260 2306 Idem
269 2252 333 2317 Vll,
346 2268 373 2322 p.
385 2249 501 2322 275,a:
517 2244 651 2324 Κλέαρχος
661 2245 846 2324 Ἀριστοτέλους
860 2269 913 2322 μα-

138 2332 234 2408 θητὴς,
245 2333 340 2399 Σολεὺς
351 2332 378 2390 δὲ
393 2333 515 2407 τὸγένος,
526 2335 599 2411 ἐντῷ
610 2331 727 2412 προτέρῳ
741 2331 806 2410 Περὶ
816 2331 913 2412 γρίφων

141 2421 335 2564 (γραφῦννςο)
347 2422 445 2500 (κρατῶ
456 2418 506 2498 γὰρ
516 2418 614 2489 καὶτῆς
622 2417 713 2486 λέξεως
722 2416 764 2476 διὰ
777 2417 808 2477 τδ
815 2417 913 2498 σφόδρα

138 2529 185 2581 μοι
195 2531 207 2564 ε
219 2530 260 2564 ναι
273 2508 417 2586 προσφιλῆ)
432 2505 525 2562 οὑτωσί
534 2528 588 2571 ποις
599 2504 698 2584 είρηκε·
710 2531 721 2556 ι
738 2503 879 2580 Φαγήσια,
889 2507 912 2563 οἱ

138 2594 168 2650 δὲ
182 2592 372 2670 Φαγησιπάσια
386 2591 605 2671 προσαγορεύουσι
615 2589 663 2660 τὴν
674 2591 776 2669 ἑορτήν.
791 2591 912 2659 Ἐξελιπε

138 2679 168 2737 δὲ
185 2679 266 2756 αὕτη,
280 2679 396 2758 καθάπερ
410 2684 427 2749 ἡ
442 2683 493 2737 τῶν
508 2679 649 2758 ῥαψῳδῶν,
660 2677 692 2748 ἣν
707 2669 769 2753 ἦγον
783 2677 851 2736 κατὰ
864 2678 911 2748 τὴν

138 2771 192 2824 τῶν
207 2766 359 2826 Διονυσίων·
380 2767 406 2824 ἐν
423 2759 442 2844 ἦ
455 2764 590 2845 παριόντες
605 2763 709 2822 ἕκαστοι
721 2767 759 2843 τῷ
779 2767 845 2845 θεῷ,
861 2755 912 2823 οἷαν

138 2852 220 2928 τιμὴν
230 2853 369 2912 ἀπετέλουν
380 2852 426 2924 τὴν
438 2851 581 2933 ῥαψῳδίαν.
593 2878 603 2903 ν
613 2855 697 2911 Ταῦτ’
708 2842 778 2909 εἶπεν
786 2856 800 2908 δ
809 2851 910 2930 titiop-

138 2963 196 3017 79<-
213 2942 246 2999 Ei
259 2940 280 2998 δ’
293 2940 423 3010 ἀπιστεῖς,
440 2928 463 2997 ὦ
481 2943 538 2997 teat
554 2961 582 3008 ε,
602 2937 646 2995 καί
660 2937 689 2994 τδ
708 2937 807 3016 βιὸλίον
818 2961 910 3009 κεκτη.

137 3026 215 3102 μένος
230 3029 258 3085 θῦ
270 3025 388 3106 θθῦνθῦω
402 3025 456 3084 σοί·
471 3025 515 3104 ἀφ’
528 2962 558 3083 ab
572 3021 657 3082 πολλὰ
669 3023 788 3100 ἐκμαθὼν
800 3024 910 3104 ιύπορή-

409 3195 460 3254 DE
476 3192 638 3254 GlilPfflS.

369 3309 393 3366 Ε
413 3307 525 3366 LlBRO
541 3305 672 3365 PRIMO.

172 3499 403 3561 clearchus,priore
416 3498 477 3548 libro
491 3419 654 3560 Βδάμίρίιίσ,
669 3497 703 3545 ait
721 3517 727 3545 ι
747 3517 758 3538 «ι
780 3497 912 3546 Archilochi

136 3575 245 3624 ezrnuina
255 3577 278 3624 ln
287 3577 387 3626 theatris
395 3574 530 3624 decantarit
538 3571 671 3624 simonides
679 3573 831 3633 laoyutlrius,
841 3585 913 3633 ευριπ

135 3652 197 3701 sella
206 3652 320 3702 mneos»
508 3717 542 3766 62

174 3809 318 3867 clearchus,
331 3805 606 3868 tristotdisdiacipulus,
616 3817 701 3866 genere
714 3803 827 3860 Solensis,
835 3803 913 3865 priore

137 3887 203 3934 libro
212 3887 246 3932 be
259 3881 347 3946 griphis
356 3885 424 3944 (uam
434 3883 484 3944 ipsa
492 3881 565 3931 rerba
576 3882 660 3941 bueo,
669 3880 783 3942 quoniam
796 3891 912 3940 perquam

138 3962 202 4010 rnihi
212 3973 281 4010 carus
290 3961 344 4022 est)
355 3960 379 4008 io
389 3960 454 4008 hunc
465 3961 513 4008 ierc
523 3958 622 4006 modum
636 3957 730 4019 scripsit
744 3975 750 4003 ι
763 3975 775 3998 ι
787 3955 913 4017 Phagasia5

137 4031 182 4079 atii
200 4043 258 4078 tero
275 4029 439 4091 Phegeaipoaia
457 4029 480 4076 id
498 4029 584 4076 tostum
598 4029 692 4075 vocant.
713 4025 819 4074 Deaitam
833 4028 913 4074 cirtem

136 4103 177 4148 rat
192 4098 253 4148 illud
266 4099 395 4158 celebrari,
412 4097 615 4159 quemadmodum
626 4095 796 4158 rhapsodorum
810 4093 912 4155 testum,

136 4177 207 4240 ηιιυθ
216 4177 399 4228 Bacchanalium
411 4179 518 4237 tempore
525 4175 629 4236 agebant
637 4211 644 4234 ,
651 4187 701 4235 quo
712 4173 856 4234 prodeuntes
866 4172 914 4220 siu-

135 4254 190 4316 guli
196 4253 346 4315 rhapsodiam
353 4251 564 4312 cauebant,veluti
571 4249 616 4300 deo
626 4250 740 4300 bonorem
750 4248 888 4297 tribuentes.
901 4267 913 4290 ν

137 4337 200 4382 ttaee
211 4331 343 4381 clearchus
355 4331 457 4392 scripsit
469 4330 539 4388 Quod
555 4329 575 4378 si
588 4331 616 4378 tu
627 4328 705 4376 mnus
718 4325 808 4386 credis,
821 4325 913 4385 amice,

136 4411 217 4470 ipsum
229 4407 301 4456 etiam
309 4406 409 4468 ilbmm,
418 4418 493 4467 quum
505 4403 650 4466 possideam,
660 4402 745 4452 lubens
752 4403 833 4450 tecum
845 4414 912 4449 cour·

136 4484 283 4544 munirabo,
296 4495 369 4544 equo
379 4483 455 4530 multa
463 4481 585 4530 addiscere
598 4480 699 4542 poteris,
716 4477 804 4540 quibus
815 4477 914 4538 coguitis

136 4561 252 4623 suppetet
258 4559 303 4608 tibi
310 4558 442 4608 difficilium
451 4557 611 4619 questionum
620 4556 828 4617 proponendamm
838 4554 912 4615 copie.

136 4639 226 4690 Narrat
237 4637 300 4686 enim
311 4637 375 4686 idem
384 4649 495 4698 quoque,
506 4635 606 4684 calliam
617 4633 784 4683 Atheniensem
793 4645 913 4694 panma-

136 4719 213 4765 ticam
223 4713 363 4776 bagradam
373 4712 547 4774 composuisse,
558 4725 571 4760 e
588 4723 636 4772 qna
648 4708 772 4771 Euripides
781 4707 805 4756 in
816 4707 912 4770 Medea,

135 4798 162 4841 et
182 4789 311 4852 sophocles
326 4789 351 4837 in
364 4789 491 4850 OEdipo'et
504 4787 637 4836 carminum
650 4785 787 4846 exemplum
803 4785 828 4832 et
842 4796 913 4843 argu·

136 4867 215 4918 irrenti
224 4866 390 4916 tractationem
400 4866 553 4926 sumpserint.

504 4957 548 5006 aa.

169 5051 274 5102 Solensis
282 5051 379 5113 quidem
384 5051 514 5101 clearchus
520 5050 631 5112 griphunr
641 5050 673 5098 ita
682 5047 764 5097 delinit
774 5061 779 5095 :
788 5067 799 5088 ι
810 5045 914 5107 Griphus

135 5135 175 5183 est
195 5131 318 5194 problema
333 5130 451 5179 lurlicmm
468 5142 516 5190 quo
528 5129 640 5190 jubemur
657 5125 786 5189 quaerendo
806 5124 912 5174 iuvenire

247 5225 388 5261 mactanti
404 5225 496 5260 uitauit.
511 5225 582 5259 (ill-⁴·-
594 5231 644 5264 vot..
661 5231 688 5266 ll.

1675 420 1724 468 821

963 556 1015 598 σεις
1035 533 1236 612 προῦλημάτων.
1270 533 1323 592 Καὶ
1345 532 1395 612 γάρ
1421 534 1536 592 Καλλίαν
1562 538 1669 614 ίστορεῖ,
1692 559 1735 607 τογ

963 618 1093 688 Ἀθηναῖον
1112 617 1296 696 γραμματικὴν
1319 619 1448 676 συνθεῖναι
1466 621 1627 699 τραγῳδίαν,
1646 627 1690 702 α’φ*
1704 617 1736 693 ἧς

962 709 1070 774 ποιῆσαι
1083 705 1116 762 rit
1132 705 1198 780 μελη
1222 705 1266 762 καί
1280 705 1327 775 τὴν
1346 705 1459 763 διάθεσιν
1478 707 1619 785 Εὐριπίδην
1627 708 1657 766 ἓν
1671 714 1734 780 Μη-

962 793 1033 870 δείᾳ,
1046 793 1091 849 καί
1106 790 1240 869 Σοφοκλέα
1254 791 1298 848 τδν
1315 791 1453 851 Οἰδίπουν.

1323 924 1372 983 63.

1000 1044 1128 1111 ldemX,
1139 1062 1168 1115 p.
1182 1042 1291 1109 trae:
1301 1039 1334 1099 ‘O
1343 1041 1389 1116 μὲν
1402 1042 1498 1106 Σολεὺς
1512 1042 1646 1122 Κλέαρχος
1654 1044 1734 1110 οὕτως

960 1127 1084 1205 ὁρίζεται·
1107 1154 1120 1176 ε
1140 1129 1233 1205 Γρίφος
1247 1125 1389 1204 πράῦλημα
1404 1129 1597 1199 ἐπιπαιστικδν,
1614 1152 1733 1208 προστα·

902 1227 907 1249 ·
961 1212 1048 1271 κτικδν
1058 1217 1102 1270 τοῦ
1118 1212 1160 1269 διδ
1171 1211 1300 1282 ζητήσεως
1314 1213 1395 1291 εῦρεῖν
1412 1215 1557 1294 τῇδιανοίφ
1568 1215 1598 1272 rb
1614 1217 1733 1294 προθλη-

961 1299 1016 1370 etv,
1036 1301 1112 1377 τιμῆς
1125 1295 1142 1367 ἢ
1163 1297 1299 1374 ἐπιζημίου
1311 1297 1386 1378 χάριν
1401 1300 1546 1378 ε1ρημένον.
1567 1302 1636 1361 »bv
1651 1302 1677 1359 δὲ
1692 1307 1729 1359 τῶ

963 1387 1030 1466 Περὶ
1046 1386 1144 1466 γρίφων
1159 1386 1257 1450 θαῦτδς
1275 1385 1410 1465 Κλέαρχός
1426 1408 1503 1528 φησιν
1518 1387 1584 1445 ἐπιδ
1600 1388 1655 1460 εἴδη
1668 1364 1731 1445 είνάι

960 1473 1067 1552 γρίφων.
1089 1471 1163 1530 «Ἔν
1178 1471 1314 1550 γράμματι
1335 1472 1398 1547 μὲν,
1417 1495 1470 1529 οον
1486 1476 1593 1552 ἐροῦμεν
1613 1473 1665 1531 tri
1687 1481 1732 1532 τοῦ

961 1558 1047 1639 άλφα,
1063 1562 1097 1623 ὡς
1120 1556 1202 1634 ὄνομά
1222 1581 1247 1615 τι
1264 1556 1379 1635 ίχθύοςῆ
1395 1563 1485 1637 φυτοῦ.
1506 1558 1623 1635 Ὁμοίοις
1639 1559 1666 1616 δὲ
1682 1560 1731 1618 κάν

960 1645 1029 1722 ἔχειν
1042 1667 1068 1701 τι
1084 1643 1177 1722 κελεύῃ
1189 1647 1240 1700 τῶν
1252 1644 1430 1722 γραμμάτων,
1444 1643 1461 1713 ἢ
1472 1644 1509 1720 μὴ
1520 1644 1603 1722 ἔχειν·
1615 1645 1732 1725 καθάπερ

960 1734 983 1789 ol
997 1731 1105 1807 ἄσιγμοι
1117 1730 1271 1808 καλούμενοι
1284 1735 1336 1789 τῶν
1348 1731 1462 1809 γρίφων·
1474 1732 1530 1790 ὅθεν
1545 1734 1589 1790 καί
1604 1735 1732 1812 Πίνδαρος

960 1816 1028 1896 πρὸς
1039 1817 1068 1875 τδ
1078 1840 1093 1875 σ
1103 1816 1225 1886 ἐποίησεν
1239 1816 1325 1896 ᾠδὴν,
1337 1816 1412 1876 οίονεὶ
1426 1819 1517 1898 γρίφου
1537 1821 1602 1886 τινδς
1613 1823 1639 1878 ἐν
1655 1823 1732 1896 μελο-

958 1904 1031 1984 ποιίφ
1046 1902 1243 1983 προθληθέντος.
1264 1903 1311 1962 Ἐν
1325 1905 1443 1982 συλλαθῇ
1456 1905 1482 1963 δὲ
1496 1907 1614 1982 λέγονται
1627 1909 1727 1988 γρῖφοι,

959 1982 1011 2048 οἷον
1027 1993 1133 2068 ἐροῦμεν
1144 1987 1271 2068 ἔμμετρον
1282 1991 1436 2067 ὁτιδήποτε,
1451 1983 1481 2050 οὗ
1495 1995 1597 2070 ἡγεῖται
1610 1998 1660 2071 βα,
1680 1985 1732 2052 οἷον

961 2078 1093 2156 βασιλεύς·
1106 2075 1123 2146 ἢ
1137 2068 1173 2135 riu
1191 2075 1246 2154 ἔχει
1257 2077 1377 2147 τελευτλν
1388 2077 1418 2136 rb
1431 2078 1493 2150 ναξ,
1508 2084 1542 2144 ὡς
1564 2080 1731 2147 Καλλιάναξ·

958 2163 976 2233 ἢ
990 2153 1026 2220 ὧν
1037 2161 1081 2219 τὸν
1092 2161 1182 2219 λεόντσ
1197 2165 1380 2236 καθηγεῖσθαι,
1390 2155 1442 2221 οἷον
1458 2162 1586 2233 Λεωνίδης
1596 2188 1602 2200 ·
1617 2163 1730 2241 ἥίμπα-

958 2249 999 2305 λιν
1017 2249 1117 2308 τελικὸν
1138 2239 1217 2320 εἶναι,
1242 2239 1293 2307 οἷον
1307 2251 1478 2327 Θρασυλέων.
1494 2251 1541 2308 Ἐν
1562 2251 1669 2326 θνάματι
1687 2252 1729 2322 δὲ,

958 2326 1010 2392 οἷον
1024 2337 1130 2414 ἐροῦμεν
1145 2335 1260 2409 ὀνόματα
1278 2336 1350 2392 διπλᾶ
1364 2335 1381 2405 ἣ
1401 2335 1509 2394 σύνθετα
1526 2337 1686 2410 δισύλλαθα,
1701 2331 1730 2395 οῦ

958 2420 1046 2500 μορφή
1055 2444 1092 2486 τις
1101 2421 1252 2500 ἐμφαίνεται
1258 2421 1383 2499 τραγικὴ,
1392 2420 1410 2491 ἢ
1418 2422 1496 2479 πάλιν
1507 2422 1651 2493 ταπεινή·ἣ
1663 2421 1726 2479 άθεα

957 2506 1088 2584 ὀνόματα,
1101 2499 1153 2565 οἷον
1169 2508 1366 2583 Κλεώνυμος,ἢ
1381 2507 1506 2587 θεοφόρα,
1520 2501 1573 2566 οῖον
1587 2508 1727 2573 Διονύσιος.

962 2593 1013 2651 Καὶ
1027 2599 1101 2651 τοῦτο
1114 2593 1173 2663 ἤτοι
1189 2593 1215 2660 ἐξ
1235 2593 1288 2659 ἐνὸς
1302 2599 1358 2651 θεοῦ
1375 2592 1393 2662 ἢ
1409 2593 1536 2664 πλεόνων,
1553 2582 1606 2650 οἷον
1624 2591 1730 2672 Ἕρμα-

958 2679 1117 2759 φρόδιτος·ἢ
1137 2679 1190 2736 άπὸ
1202 2681 1262 2745 Διὸς
1278 2680 1422 2757 ἄρχεσθαι,
1442 2680 1566 2748 Διοκλῆς·
1582 2677 1599 2747 ἢ
1613 2678 1729 2757 Ἑρμοῦ,

958 2765 1138 2845 Ἑρμόδωρος·
1160 2765 1177 2836 ἢ
1198 2766 1302 2844 λήγειν,
1315 2770 1337 2824 εί
1350 2765 1440 2844 τύχοι,
1465 2767 1499 2831 εἰς
1514 2769 1635 2831 νικος.οί
1648 2765 1675 2824 di
1692 2767 1729 2842 μὴ

957 2852 1070 2919 εἰπόντες
1084 2847 1122 2918 οἷς
1141 2853 1330 2932 προσετάττετο
1349 2852 1434 2910 ἔπινον
1452 2850 1481 2909 rb
1500 2851 1633 2931 ποτήριον.
1649 2880 1662 2905 ν
1677 2853 1731 2912 ital

956 2944 971 2997 ί
982 2938 1029 3014 μίν
1041 2940 1176 3017 Κλέαρχος
1186 2939 1266 3005 οὕτως
1275 2939 1399 3020 ὡρίσατο.
1411 2944 1443 2996 i'.
1452 2942 1605 2997 Casauboni
1616 2943 1730 2998 Excurs.

956 3028 993 3083 ad
1006 3029 1036 3082 h.
1054 3028 1073 3086 l.

957 3193 1044 3241 mentia
1057 3193 1199 3254 cogitatione
1215 3193 1240 3241 id
1251 3193 1315 3255 quod
1326 3197 1474 3255 propositum
1486 3197 1537 3248 ast.
1555 3193 1621 3254 quod
1636 3193 1731 3240 honoris

956 3276 999 3322 aut
1016 3273 1114 3322 mulcta
1129 3286 1201 3322 causa
1211 3273 1308 3323 dicitur.
1329 3277 1381 3322 »lu
1393 3275 1496 3322 tractatu
1515 3285 1573 3321 tero
1590 3275 1626 3322 De
1642 3272 1731 3334 griplris

958 3351 1022 3399 idem
1034 3352 1162 3400 Clearchus
1171 3353 1220 3413 ait,
1232 3357 1322 3414 septem
1335 3364 1385 3400 esse
1396 3353 1485 3412 species
1496 3351 1644 3412 griphomm.
1654 3355 1681 3399 tu
1690 3351 1730 3399 lit·

957 3433 1007 3475 tera
1015 3465 1023 3489 ,
1030 3441 1107 3490 quum
1115 3428 1244 3478 dicendum
1255 3432 1291 3478 est
1299 3442 1398 3482 nomen,
1408 3429 1484 3477 veluti
1493 3428 1564 3490 piscia
1575 3429 1618 3475 aut
1626 3428 1729 3488 plante,

956 3506 1046 3553 acerta
1056 3505 1150 3565 littera,
1162 3503 1312 3552 rerbi‘causa
1327 3503 1358 3552 ab
1367 3521 1383 3551 α
1395 3504 1517 3565 incipiens.
1529 3504 1642 3552 Similiter
1654 3517 1729 3565 quum

955 3581 1024 3640 jobet
1048 3583 1082 3642 (ia
1099 3581 1142 3644 qui
1166 3581 1276 3644 griphum
1301 3582 1428 3644 proponit)
1453 3581 1532 3630 dicere
1549 3581 1672 3643 quidpiam
1691 3585 1730 3630 eui

957 3661 1012 3708 insit
1029 3663 1071 3710 aut
1081 3673 1130 3710 oon
1146 3661 1201 3711 insit
1217 3663 1281 3709 certa
1292 3659 1402 3722 quedam
1416 3658 1502 3708 littera.
1518 3659 1588 3708 Talea
1599 3663 1655 3708 suut
1670 3673 1730 3720 quos

957 3737 1058 3798 asigmoa
1069 3739 1156 3786 vocant
1166 3737 1261 3800 griphos
1273 3753 1280 3784 ι
1297 3733 1361 3784 unde
1372 3738 1398 3784 et
1409 3735 1525 3784 Pindarrra
1543 3737 1582 3794 (υ.
1588 3735 1630 3794 sr.
1644 3737 1691 3795 aa)
1705 3737 1729 3783 iu

956 3831 973 3863 σ
982 3815 1086 3864 litteram
1100 3815 1162 3864 odeo
1180 3815 1249 3876 iecit,
1263 3815 1330 3875 quasi
1339 3813 1445 3874 quodam
1459 3812 1542 3873 gripho
1560 3814 1585 3860 in
1594 3812 1668 3872 lyrico
1679 3825 1728 3859 car-

957 3893 1021 3943 mine
1038 3893 1166 3956 propoaito.
1185 3896 1212 3941 lo
1230 3891 1321 3953 syllaba
1339 3903 1396 3938 vero
1413 3889 1527 3938 dicuntur
1543 3889 1635 3949 griphi,
1653 3901 1728 3949 quum

956 3968 1036 4018 dicere
1046 3969 1160 4030 jubemur
1170 3979 1265 4017 νοιοαιιι
1278 3967 1453 4027 quempiam,a
1469 3965 1501 4025 βα
1512 3964 1618 4024 syllaba,
1628 3963 1728 4010 velutin

957 4059 1015 4096 voca
1027 4049 1142 4110 βασιλεὺς,
1150 4047 1315 4108 incipientem,
1325 4048 1367 4093 aut
1377 4044 1402 4091 in
1410 4044 1463 4099 vat.
1475 4041 1541 4088 verbi
1553 4053 1624 4088 musa
1633 4040 1656 4087 in
1665 4043 1728 4088 ltal-

957 4123 1049 4185 lu‘uat,
1068 4123 1214 4172 desinentem
1229 4141 1235 4171 ι
1252 4123 1296 4170 aut
1309 4121 1411 4183 (remia
1428 4115 1562 4179 συοοθαιιι)
1581 4129 1683 4177 quorum
1703 4117 1728 4164 tn

958 4201 1037 4248 troute
1051 4200 1082 4248 ait
1092 4199 1145 4260 leo,
1159 4198 1225 4247 verbi
1235 4209 1306 4246 rausa
1317 4208 1406 4245 nomen
1422 4191 1555 4252 Leonidas3
1569 4194 1612 4240 aut
1625 4205 1728 4254 quorum
1812 4231 1819 4238 .

957 4279 982 4325 ia
999 4277 1060 4338 boe,
1075 4281 1103 4326 ut
1118 4277 1271 4338 Thrasyleon.
1288 4279 1316 4325 la
1332 4273 1428 4322 nomine
1445 4283 1520 4331 sero,
1536 4283 1612 4332 quum
1628 4269 1729 4319 dicimus

957 4353 1054 4402 uomina
1073 4353 1189 4414 simplicia
1201 4355 1244 4401 aut
1255 4351 1386 4413 composita
1399 4349 1529 4411 disyllaba,
1540 4347 1628 4409 quihus
1639 4347 1728 4409 signib-

956 4435 1024 4480 retur
1037 4433 1113 4480 leuna
1127 4429 1239 4494 quadam
1254 4429 1356 4491 tragica,
1369 4428 1419 4477 sive
1430 4439 1513 4476 rorsrn
1524 4425 1634 4484 humilia,
1647 4428 1675 4473 ut
1685 4439 1728 4474 no-

957 4507 1023 4555 mina
1033 4507 1078 4555 deo
1089 4507 1207 4566 carentia,
1223 4506 1290 4554 verbi
1300 4517 1371 4554 causa
1383 4503 1544 4566 Cleonymum
1553 4503 1596 4550 aut
1605 4501 1675 4549 deum
1686 4503 1728 4549 ba·

957 4583 1055 4644 beotia,
1066 4587 1094 4631 ut
1105 4583 1233 4643 Dionysius
1244 4602 1250 4631 ι
1265 4583 1290 4630 et
1298 4579 1397 4642 quidem
1405 4581 1455 4628 sire
1466 4591 1540 4627 unum
1549 4577 1728 4636 tantummodo,

956 4661 1007 4709 aire
1015 4660 1109 4723 plures,
1120 4657 1381 4720 utitermaphroditus;
1390 4658 1432 4704 aut
1443 4667 1498 4716 qttae
1506 4654 1621 4715 incipiant
1633 4657 1727 4712 αλονε,

957 4740 985 4786 ut
993 4737 1100 4796 Dioclem
1109 4739 1152 4785 aut
1162 4750 1177 4784 a
1186 4736 1314 4795 Mercurio,
1323 4737 1351 4782 ut
1363 4732 1540 4790 itermodoms3
1549 4732 1593 4778 aut
1601 4743 1655 4793 orare
1666 4729 1727 4803 deai-

957 4819 1024 4876 nant,
1036 4814 1101 4863 verbi
1110 4827 1195 4873 musa,
1205 4815 1232 4863 in
1241 4830 1302 4868 νικος
1310 4813 1449 4872 (Victoriam
1454 4811 1472 4871 1,
1483 4809 1521 4872 [ut
1532 4807 1660 4872 Epinlcus].
1672 4810 1729 4865 Qui-

957 4895 1002 4941 bus
1011 4907 1068 4942 rero
1078 4892 1127 4941 tale
1136 4893 1195 4953 quid
1212 4891 1382 4953 imperabatur,
1394 4889 1409 4938 ii
1419 4889 1439 4938 si
1452 4889 1530 4937 dicere
1541 4899 1589 4934 oon
1604 4888 1728 4947 poterant,

957 4971 1103 5032 propositum
1121 4969 1233 5030 meatum
1249 4965 1383 5015 ebibebant.
1406 4987 1417 5006 υ
1435 4965 1513 5024 Atque
1526 4963 1559 5009 ita
1576 4961 1672 5022 ηιιίσειιι
1690 4960 1729 5008 do

958 5047 1019 5094 finiit
1032 5046 1168 5094 clearchus.

1570 5200 1594 5239 at
