3834 5767
201 355 258 408 tro

200 475 265 546 ταν)
283 473 326 550 Ap
328 470 395 528 tardi
385 493 450 538 ,ενυς
465 493 527 550 φησι
542 469 674 544 μηδέποτε
684 469 877 570 στρατηγοῦντα
894 468 975 533 ἡττη-

201 563 288 663 θῆναι·
310 557 518 665 φθονούμενρνδΙ
542 553 642 620 δπαξ’
630 557 780 661 εκχφνρῆσαι
797 557 844 620 τῆς
860 574 975 630 στρατη·

204 645 262 719 γίας
276 644 389 708 καὶτοὺς
403 645 411 718 (
423 641 480 706 τοὺς
495 639 688 716 AoraALAAA'
660 638 751 696 αυτίκα
764 641 901 718 ληφθῆναι.

245 731 479 786 llistoriunculam
495 731 530 785 de
553 731 690 801 Archyta,
713 730 761 800 qui
776 746 863 800 quum
881 728 975 782 villico

199 821 291 874 ,faetus
305 830 373 872 esset
386 819 492 884 iratior,
505 827 598 870 tamen
615 817 748 886 impeturn
771 815 820 867 irae
834 830 977 884 compres-

164 919 170 932 ·
203 909 280 974 serit,
296 917 397 978 praeter·
415 905 579 962 Ciceronem
594 904 675 958 Tusc.
692 904 739 968 lV,
757 897 793 969 57
812 911 840 954 et
856 899 975 955 Diodor.

203 997 269 1050 liar.
284 996 342 1048 Vnt.
352 992 360 1065 ί
369 992 417 1048 lib.
431 992 470 1063 X,
479 997 529 1060 Μ
539 989 583 1044 ed.
595 984 710 1064 nidor.)
723 998 818 1042 narrat
831 987 976 1041 lambliclr.

204 1083 237 1138 V.
252 1083 281 1135 P.
299 1080 316 1152 §
334 1099 398 1150 197,
413 1080 455 1132 his
473 1078 610 1150 incipiens
623 1073 714 1130 verbis
731 1093 737 1128 τ
755 1071 899 1148 Σπίνθαρος
920 1071 977 1138 dtr,-

205 1165 273 1238 γεῖτα
289 1164 414 1229 πολλάκις
429 1162 489 1240 περὶ
504 1159 627 1238 Ἀρχύτου
653 1183 679 1219 κ.
696 1183 720 1218 τ.
735 1161 762 1218 λ.
778 1165 845 1233 Quae
864 1179 897 1216 ex
914 1161 979 1214 Ari-

203 1266 337 1320 stoxeno,
352 1254 493 1325 Spintheri
515 1251 545 1320 s.,
564 1247 673 1305 duxisse
687 1249 871 1321 probabiliter
885 1247 981 1301 statuit

205 1341 434 1410 Wpttrnbaclrins
454 1337 547 1410 (Bibl.
563 1337 632 1392 Crit.
645 1346 716 1408 part.
735 1337 818 1403 viti,
838 1351 867 1408 p.
886 1333 939 1386 113
951 1329 978 1406 λ,

710 383 715 392 1
763 337 1008 400 anistoxeat
1030 331 1241 394 Titianam!

1019 458 1078 518 οὔτε
1092 458 1227 536 ἔμφρονος,
1242 453 1299 512 οὔτε
1311 455 1450 532 εὐτυχοῦς,
1462 451 1519 509 οὔτε
1536 450 1656 517 ξυνιέντος
1666 459 1746 526 εἶναι,
1758 448 1797 519 τίς

1020 567 1082 603 ποτε
1096 543 1236 610 taetri,
1204 564 1250 610 της
1264 539 1425 646 ἀνθρωπίνης
1434 562 1533 646 φμσεως
1543 537 1677 603 σύστασις.
1690 541 1798 614 Τεκμη-

1021 653 1074 708 ριον
1101 629 1153 686 δ’
1146 626 1251 707 ιογυρδν
1272 649 1353 698 ειναι,
1374 648 1404 682 το
1423 625 1525 690 πάντας
1543 624 1707 730 ἀνθράιπορς,
1734 600 1797 682 Aras

1021 716 1135 784 ἔξουσίας
1149 711 1324 772 ἐπιλάὅωνται
1335 711 1483 788 μίγεθος”
1455 736 1483 768 α
1473 712 1544 790 ,ιόχρ
1531 734 1592 788 ρεων
1611 711 1738 789 ἐχούσης,
1753 712 1797 770 ἐπὶ

1021 807 1067 871 τὰς
1077 801 1228 879 σωματικὰς
1241 799 1334 869 ἡδονὰς
1351 799 1559 880 καταφέρεσθαι,
1572 822 1618 856 και
1635 805 1712 857 τοῦτο
1726 799 1798 874 νομί·

1024 895 1075 958 ζειν
1087 890 1159 955 τίλας
1172 881 1239 946 εἶναι
1255 891 1301 955 τῆς
1311 886 1439 952 ἐξουσίας·
1454 885 1487 942 τδ
1503 887 1530 943 δὲ
1542 885 1611 944 ἀλλα
1623 885 1711 943 araim
1730 895 1800 964 οχεὲ

1022 976 1065 1034 tta
1078 977 1167 1041 ἅπλῶς
1176 978 1256 1032 εἰπεῖν
1266 975 1293 1030 ἐν
1302 995 1370 1051 παρε
1363 973 1434 1084 ’ργου
1443 972 1602 1031 τίθεσθαι’
1566 996 1651 1052 Lappa,
1693 974 1801 1080 Πριηνεῖ-

1024 1086 1075 1142 ρειν
1085 1060 1148 1119 δὲ’
1123 1085 1206 1129 εςεστι
1220 1067 1263 1118 νῦν
1277 1065 1324 1136 μὲν
1341 1061 1399 1126 τους
1410 1062 1520 1138 Ηεραων
1530 1061 1657 1138 βασιλεῖς,
1670 1059 1716 1118 καί
1726 1059 1752 1116 εἴ
1765 1059 1801 1123 τίς

1023 1171 1073 1205 που
1084 1147 1231 1226 τυραννίδος
1243 1143 1424 1254 AAtoAALop'
1392 1169 1479 1225 κνριος
1496 1141 1532 1202 ὢν
1546 1145 1684 1254 suLLAvsr·
1702 1144 1801 1222 πρύτε-

1025 1258 1067 1313 ρον
1076 1233 1156 1292 δὲ’
1114 1257 1170 1299 τους
1182 1256 1209 1290 τε
1224 1234 1316 1292 Λυδῶν
1329 1233 1375 1291 καί
1383 1257 1435 1290 των
1447 1231 1556 1301 Μήδων,
1566 1231 1611 1288 καί
1620 1233 1660 1289 ἔτι
1671 1231 1802 1337 ἀνώτερρν

1023 1319 1069 1378 καλ
1082 1320 1140 1385 τοὺς
1150 1318 1256 1399 Σύρων·
1267 1312 1305 1384 οἷς
1315 1318 1426 1378 οὖδὲν’
1396 1343 1467 1396 γενος
1480 1321 1572 1389 ῆδονῆς
1584 1319 1714 1391 ἀζήτητον
1726 1319 1801 1394 γενέ-

173 1475 184 1488 ,
205 1426 371 1499 suffragante
384 1426 498 1480 ttatrnio
511 1444 539 1497 p,
556 1430 603 1494 ης,
1024 1411 1100 1478 σθαι,
1114 1403 1183 1464 ἀλλά
1201 1404 1246 1462 καὶ
1264 1407 1334 1484 δῶρα
1350 1403 1423 1483 παρά
1443 1405 1498 1470 τοῖς
1514 1403 1628 1484 Πέρσαις
1647 1405 1802 1485 προκεῖσθαι

570 1543 614 1598 15.

246 1669 392 1724 Athenaeus
404 1667 517 1740 xt1,p
535 1665 569 1730 54
575 1665 601 1734 5,
619 1666 662 1723 A:
676 1659 878 1740 ’λριστόξενοςδ
893 1663 979 1736 ὅμου·
1026 1672 1078 1725 τῶν
1099 1669 1272 1746 χρονιζουσων
1288 1666 1321 1735 Ad
1322 1689 1398 1737 ονων,
1418 1665 1466 1724 κάν
1480 1653 1529 1723 Aoi
1546 1664 1645 1744 σφόδρα
1659 1664 1803 1744 διηκριὸω·

201 1743 306 1816 ’σικδςὲ
296 1773 380 1807 arro
398 1749 510 1828 ’ApLArar
527 1749 604 1828 βιι)
590 1771 749 1830 αφιησι
695 1771 749 1826 πα
752 1745 768 1804 A
786 1745 919 1805 Διονυσίου
936 1751 981 1804 τοῦ
1026 1753 1113 1860 μέφαι·
1135 1751 1218 1821 ὥστε,
1242 1751 1298 1810 ἐπεὶ
1315 1750 1466 1828 μεγάλην
1451 1775 1506 1829 εχει
1524 1752 1632 1826 δύναμιν
1648 1755 1666 1821 ἡ
1682 1750 1803 1818 καινότης

207 1860 382 1916 νεωτερουρ
348 1859 382 1914 πρ
367 1813 505 1902 εισοευτάς
520 1835 582 1916 πρὸς
608 1837 655 1906 τὴν
671 1832 840 1913 Ταραντίνων
855 1832 966 1904 ttAAtit,2
954 1857 981 1890 εν
1026 1865 1046 1899 π
1063 1840 1090 1906 ὸς
1109 1863 1140 1899 το
1160 1839 1240 1914 μείζω
1253 1843 1365 1919 φανῆναι,
1357 1838 1424 1907 ιτῆν
1444 1837 1548 1912 ἡδονὴν,
1563 1839 1609 1895 οὐκ
1628 1837 1803 1916 ὀλιγωρητῑον

209 1917 243 1990 οἷς
259 1917 384 1982 Arari
340 1947 374 1980 κα
374 1921 587 2001 λΗολύαρχον
564 1945 607 1980 τον
624 1924 744 1994 ἡδυπαθῆ
761 1917 979 2026 ίπικαλούμενρν,
1026 1949 1082 2002 ουν,
1104 1926 1172 1983 ἀλλὰ
1190 1925 1290 1993 πολλὴν
1311 1923 1510 1999 ἐπιμελειαν’
1481 1927 1562 1993 αυτῆς
1578 1922 1710 1992 ποιητέον.
1754 1922 1804 1981 Διά

209 2011 288 2088 ἄνδρα
298 2033 357 2087 περι
348 2007 416 2073 τάς
430 2007 581 2083 σωματικὰς
592 2007 682 2078 ἣδονδτς
697 2007 889 2077 ἐσπουδακότα,
901 2005 945 2064 καί
953 2007 982 2064 οὐ
1027 2012 1123 2084 ταύτην
1134 2013 1161 2071 δὲ
1173 2011 1221 2083 τὴν
1232 2011 1317 2069 αἰτίαν
1326 2009 1451 2070 πολλὰ
1421 2035 1469 2088 μεν
1480 2010 1641 2117 ἐξευρεθῆναι
1653 2010 1804 2091 βρωμάτων

209 2096 285 2172 μόνον
298 2101 335 2154 τῶ
351 2095 432 2175 ἔργῳ,
446 2095 570 2153 ἀλλὰκαὶ
585 2093 712 2176 τῶλύγῳ.
753 2093 838 2154 Ὀντα
854 2092 958 2172 δδγνώρ
961 2116 982 2149 t·
1029 2099 1200 2175 εἶδη,πολλά
1213 2100 1241 2155 δὲ
1255 2097 1414 2174 πεμμάτων,
1427 2097 1549 2156 πολλά“
1526 2121 1554 2155 οε
1569 2099 1745 2174 θυμιαμάτων
1761 2097 1804 2154 καί

209 2207 302 2262 μοντω
284 2155 432 2292 ”ALLArL,
443 2205 487 2239 και
478 2151 646 2290 φιλοσοφίας
655 2184 824 2246 σῦπαντελῶς
837 2181 981 2290 ἀλλότριον,
1028 2185 1129 2264 μύρων,
1142 2183 1228 2242 πολλὰ
1249 2185 1275 2242 δὲ
1291 2184 1403 2259 ἱματίων
1417 2184 1462 2242 καί
1476 2184 1647 2262 στρωμάτων,
1658 2186 1707 2240 καί
1721 2206 1806 2254 ποτη·

209 2273 326 2327 ἀπαντᾶν
346 2273 381 2334 εἷς
399 2267 432 2327 ita
448 2271 542 2376 τεμένη
562 2269 607 2326 καὶ
605 2275 834 2373 συμπεριπατεῖν
852 2275 904 2333 τοῖς
922 2267 983 2346 πεὶρ
1029 2272 1090 2350 ρίων
1104 2272 1152 2346 δῆ,
1162 2295 1208 2329 και
1218 2296 1269 2331 τιον
1282 2272 1369 2329 αλλων
1382 2294 1495 2330 σκευων
1511 2293 1596 2328 παντα
1607 2270 1658 2349 γδιρ
1673 2270 1706 2339 δὴ
1720 2293 1806 2328 ταυτα

208 2359 251 2414 τὸν
262 2356 424 2462 Ἀρχύταν,’
409 2355 529 2460 ακροιίιμε
518 2379 572 2414 νον
588 2380 638 2413 των
649 2355 741 2432 λογων
757 2351 968 2428 Εαπεσουαης
954 2352 984 2410 οε
1031 2317 1231 2433 aupAaiAAenAni
1246 2381 1317 2424 τινας
1331 2348 1741 2434 ἡοονας,δτανηῆυποκειαενη
1757 2355 1806 2425 ὕλη

209 2467 271 2501 ποτε
286 2443 393 2522 ἀπορίας
409 2465 452 2501 και
469 2442 583 2522 σκέψεως
599 2465 659 2521 περι
652 2441 699 2500 ’τε
718 2464 768 2498 των
783 2442 924 2516 ἐπιθυμιιυν
938 2439 983 2496 καί
1028 2448 1078 2501 τῶν
1093 2447 1197 2519 Aeropa(
1183 2445 1320 2518 (optrrm‘
1311 2445 1361 2503 υπὸ
1382 2449 1428 2513 τῆς
1442 2442 1603 2522 ἀνθρωπίνης
1616 2441 1731 2522 φύσεως·
1745 2439 1806 2511 ὃδὴ

209 2531 238 2589 rb
252 2530 356 2589 συνολον
366 2554 425 2610 περι
436 2534 486 2586 τῶν
497 2553 651 2606 σωματικυιν
664 2531 773 2606 ἡδονῶν,
785 2525 984 2635 ἔφηδΠφλύαρ
1028 2530 1182 2589 πεπονθέναι
1204 2533 1273 2588 δοκεῖ
1291 2531 1351 2588 ὅτε
1370 2530 1465 2609 Δχρυσδς
1484 2529 1568 2587 καί
1552 2553 1675 2608 αργυρος,
1700 2529 1751 2587 καὶ
1772 2527 1806 2585 τὰ

209 2640 302 2695 ’ΛΟΜ
290 2618 402 2692 «Ἐμοὶ
422 2616 480 2694 μὲν,
497 2607 519 2674 A
537 2618 640 2696 ἄνδρες,
657 2615 782 2682 πολλάκις
801 2614 905 2686 ἤδη
871 2639 983 2695 πεφηνεν
1028 2616 1162 2674 πολλά”
1128 2641 1179 2674 των
1191 2616 1359 2696 εὐοφθάλμων
1374 2640 1402 2674 τε
1415 2617 1459 2674 καὶ
1470 2615 1598 2691 σπανίων,
1613 2615 1715 2674 ὅσα
1671 2639 1719 2674 και
1733 2615 1806 2674 κατὰ

211 2708 391 2762 ἐπισκοπουντι
402 2705 526 2781 κομιδῆ
504 2729 533 2762 το
545 2709 595 2762 τῶν
607 2707 727 2782 ἀρετῶν
714 2701 810 2761 τούτων
821 2701 982 2760 κατασκεύα-
1027 2701 1073 2768 τδς
1088 2700 1334 2780 ἀπεργαζομένας
1305 2725 1399 2780 τεχνας
1411 2701 1604 2781 διηκριύωμένα
1616 2703 1777 2781 φαίνεται.

211 2811 266 2892 σμα
283 2813 327 2848 και
317 2789 460 2847 Ηπολὺ
429 2815 474 2860 της
492 2790 592 2866 φύσεως
610 2787 754 2866 ἀφεστηκὸς
769 2779 844 2848 εἶναι.
886 2787 982 2868 Ἠγδρ
1067 2787 1156 2848 Εἰπὼν
1178 2788 1206 2846 δὲ
1225 2788 1324 2856 τούτοις
1339 2788 1396 2860 ἑξῆς
1413 2789 1448 2847 sd
1460 2789 1518 2866 napi
1536 2813 1583 2858 της
1599 2788 1742 2867 θεραπείας
1761 2778 1812 2858 τῆς

182 2875 185 2882 ’
212 2875 301 2954 φύσις,
321 2876 383 2934 ὅταν
400 2876 541 2954 φθέργηται
555 2875 601 2946 τῆν
617 2879 710 2945 ἑαυτῆς
724 2871 830 2982 φωνὴν,
835 2876 983 2934 ἀκολουθεῖν
1028 2900 1071 2934 του
1054 2879 1196 2955 Περσῶν
1216 2875 1373 2984 βαριλέως,
1372 2874 1497 2942 οἴουςκαλ
1512 2874 1616 2942 δσοος’
1602 2899 1658 2954 εχει
1674 2883 1803 2954 Aspaneu-

213 2962 338 3023 κελεύει
323 2986 380 3028 αις
394 2963 511 3032 ίδοναις,
526 2986 571 3020 και
587 2985 662 3022 τουτο
674 2985 751 3041 φησιν
766 2962 1020 3040 ιιναινουνιρον
1005 2963 1178 3081 ,τῆρας,και
1200 2961 1261 3066 περὶ
1279 2987 1327 3034 της
1338 2985 1390 3020 των
1409 2961 1607 3042 ἀφροδισίων
1578 2985 1657 3020 αυτου
1672 2963 1807 3040 χρησεως,

211 3072 264 3118 τος,
275 3073 304 3106 το
291 3049 365 3107 οὲ
349 3071 496 3107 αντιτεινειν
506 3048 827 3114 καίκαταδουλουσθαιτδς
836 3049 1009 3124 ἐπιθυμίας,
1028 3073 1073 3106 και
1088 3073 1134 3120 της
1148 3049 1243 3128 περλ
1219 3073 1263 3108 τον
1275 3073 1366 3129 χρωτα
1380 3053 1460 3108 αὐτου
1443 3049 1675 3125 Ηδδμῆςμαλ
1639 3072 1687 3121 της
1707 3051 1807 3127 αύμορ·

1024 1493 1177 1569 λέγεται
1136 1515 1188 1558 τοις
1198 1491 1387 1568 δυναμένοιςέ
1376 1491 1515 1570 ςευρίσκειν
1529 1490 1621 1562 καινῆν
1630 1489 1740 1560 ἠδονην·
1757 1490 1802 1548 καί
1902 1520 1903 1527 ¹

1026 1579 1196 1655 μύλαθρθῶς.
1208 1577 1348 1658 Ταχίιγδιρ
1353 1578 1620 1689 ἡάνθροιπίιηφύσις
1635 1579 1802 1652 ἐμπίπλαται
1902 1612 1903 1631 ι

214 3218 271 3268 eitot
286 3219 411 3276 preesset,
423 3228 546 3277 nunquam
558 3216 629 3264 luisse
640 3219 794 3278 superatum
811 3217 883 3265 serint
902 3221 984 3266 mrtem

213 3291 271 3340 dum
292 3292 387 3341 invidiae
406 3292 513 3352 eederet,
534 3305 586 3342 sese
606 3292 706 3353 imperio
727 3291 861 3352 abdicasse,
881 3297 987 3356 moxque

213 3368 278 3416 eires
287 3366 354 3416 otade
365 3369 472 3416 allectos.

206 3521 211 3546 ·'
246 3525 399 3572 Aristoxenus
410 3525 517 3573 musicos
528 3522 551 3572 in
568 3453 679 3586 AAiryta
695 3525 744 3573 vita
754 3529 835 3574 narrat
848 3525 987 3586 Dionysium

1033 3217 1144 3266 babeant.
1163 3217 1266 3266 Proferri
1279 3220 1362 3266 autem
1378 3220 1478 3279 possunt
1491 3231 1520 3266 ex
1535 3217 1564 3266 iis
1576 3217 1618 3279 qni
1629 3229 1695 3266 nune
1705 3217 1808 3274 vivunt,

1028 3308 1095 3356 reges
1107 3298 1233 3344 Persarum
1242 3296 1267 3343 et
1278 3295 1297 3343 si
1309 3295 1364 3357 quis
1373 3298 1410 3346 est
1419 3295 1480 3346 alius
1489 3294 1562 3356 ampli
1576 3294 1669 3356 imperii
1677 3293 1809 3352 dominns,

1028 3372 1214 3434 esuperioribus
1229 3386 1287 3422 vero
1302 3386 1369 3433 reges
1385 3371 1507 3434 Lydorum
1521 3375 1594 3434 atque
1610 3370 1739 3420 Medorum
1750 3407 1758 3430 ,
1770 3369 1809 3417 ret

1028 3450 1100 3498 etiarn
1115 3449 1257 3498 vetustiores
1271 3453 1385 3511 Syrorum
1394 3485 1402 3509 ,
1412 3448 1500 3509 quibus
1511 3461 1582 3498 omne
1593 3445 1726 3508 voluptatis
1735 3459 1811 3509 genus

1029 3528 1147 3574 tentetum
1158 3528 1209 3586 est,
1221 3525 1281 3575 adeo
1293 3527 1321 3572 ut
1337 3524 1401 3587 apud
1415 3527 1496 3573 Persas
1506 3523 1552 3572 illis
1571 3524 1699 3586 praemium
1718 3524 1809 3571 oonsti·

211 3601 330 3661 juniorem
348 3603 438 3662 legatos
457 3601 548 3652 misisse
568 3605 713 3664 Tarentum,
730 3605 754 3652 et
772 3603 900 3652 interillos
917 3602 988 3650 luisse
1030 3605 1155 3662 tueretur,
1181 3601 1223 3662 qui
1239 3601 1389 3663 voluptatem
1405 3601 1509 3662 aliquam
1525 3612 1611 3647 noram
1630 3599 1809 3662 excogitaront;

205 3679 384 3740 Polyarchum,
398 3679 537 3742 cognomine
551 3680 686 3729 Delicatum
697 3681 729 3742 (v.
741 3681 867 3730 Μίκων.
880 3681 986 3739 Aviti,
1030 3681 1053 3725 et
1066 3678 1121 3738 jure
1142 3677 1238 3738 quidem
1258 3677 1349 3739 optimo
1370 3676 1471 3725 :statim
1487 3677 1549 3725 euim
1565 3675 1680 3725 diuturna
1696 3675 1810 3737 voluptas

215 3757 255 3816 t),
269 3768 316 3804 non
325 3755 492 3816 sotnmdictis,
503 3769 587 3805 verum
597 3757 669 3806 etiarn
678 3757 747 3806 laetis
759 3757 866 3820 corporis
875 3757 987 3818 volupia·
1029 3760 1141 3805 naturam
1151 3756 1275 3804 hominum
1293 3756 1377 3816 satiat,
1393 3755 1487 3804 tauretsi
1502 3755 1593 3803 nudosa
1604 3768 1633 3803 ao
1650 3754 1738 3804 sedulo
1754 3767 1809 3801 σου

215 3831 281 3880 tibus
295 3831 434 3894 addietum,
450 3833 560 3896 Archytae
571 3833 711 3884 iaruiliarem
721 3846 764 3882 neo
774 3835 870 3884 omnino
882 3831 988 3881 alienum
1029 3833 1118 3894 quisita
1138 3832 1217 3882 tuerit.
1243 3835 1394 3894 Quapropter
1411 3845 1488 3894 quum
1513 3830 1620 3880 maxima
1634 3829 1671 3878 via
1692 3830 1810 3878 noritaiis

207 3908 409 3972 4ιιρλιὶλοιορλιίιι,
428 3909 469 3971 qni
489 3909 647 3972 archytam
665 3911 747 3960 lucum
767 3910 938 3971 obrius,oum
960 3921 989 3958 eo
1030 3911 1073 3972 sit,
1094 3910 1262 3972 jucundiorem
1285 3913 1312 3958 nt
1334 3923 1385 3958 esse
1410 3910 1559 3972 voluptatem
1579 3922 1624 3958 nos
1649 3907 1809 3968 arbitremur,

214 3985 379 4047 spatiatusest,
387 3983 542 4034 interimdum
549 3983 813 4047 disputantemaudiret.
821 3989 900 4042 Quum
908 3988 988 4033 autem
1030 4003 1057 4038 ea
1067 4003 1115 4038 non
1126 3992 1163 4039 est
1171 3988 1332 4051 aspernanda,
1342 3987 1384 4036 sed
1393 4000 1487 4036 summa
1498 3985 1619 4050 diligentia
1628 3984 1807 4047 investiganda,

211 4059 334 4111 incidisset
351 4061 453 4123 quaestio
471 4075 500 4109 ao
513 4061 673 4111 consideratio
688 4061 718 4114 do
732 4061 914 4124 cupiditatibus,
928 4064 953 4111 et
965 4062 989 4109 iu
1031 4066 1162 4127 praesertim
1172 4080 1248 4128 quum
1264 4065 1314 4129 ejus
1321 4065 1437 4115 desiderio
1447 4066 1522 4114 multa
1531 4065 1600 4114 nobis
1611 4064 1701 4116 cibaria
1713 4067 1810 4126 reperet

215 4141 353 4190 universum
366 4141 396 4188 de
406 4140 569 4202 voluptatibus
585 4142 721 4203 corporeis,
736 4144 788 4190 tum
801 4141 879 4202 inquit
892 4141 989 4202 Polyar·
1032 4143 1216 4202 tuerint,muita
1223 4142 1333 4202 bellaria,
1341 4141 1516 4200 suffitusvarii,
1526 4145 1648 4203 unguenta
1654 4155 1704 4190 non
1713 4145 1807 4205 panca.

216 4217 290 4266 einis:
303 4237 314 4260 ι
324 4219 380 4268 Mitri
388 4217 494 4280 quidem,
503 4219 580 4268 oboni
591 4220 644 4280 viri,
653 4221 740 4281 sapius
749 4219 801 4268 hmo
809 4219 988 4282 contemplanti,
1031 4221 1185 4282 vestimentu,
1195 4221 1312 4282 stragula,
1331 4221 1431 4284 poeula,
1442 4222 1467 4268 et
1484 4218 1537 4268 alia
1549 4219 1574 4267 id
1589 4232 1664 4282 genus
1681 4232 1720 4269 res
1734 4239 1741 4268 :
1753 4233 1809 4281 qua

208 4297 364 4356 'compertum
377 4295 495 4356 est,iliud
504 4299 569 4358 quod
579 4299 662 4347 virtuti
674 4297 800 4347 :editicium
810 4311 838 4346 ao
850 4310 990 4347 monumen·
1031 4297 1061 4345 ad
1084 4298 1231 4360 voluptartem
1251 4297 1331 4346 omnia
1354 4296 1507 4357 mnducuut,
1527 4309 1603 4357 quum
1623 4294 1688 4348 itlius
1707 4296 1809 4345 materia

216 4377 269 4420 tum
285 4373 420 4434 exstruitis,
438 4377 551 4423 enatura
564 4376 695 4437 plurimum
707 4375 816 4425 dissitum
829 4389 879 4425 esse
895 4389 989 4437 :quem-
1032 4378 1068 4424 est
1078 4373 1209 4436 ejusmodi,
1224 4376 1252 4422 ot
1271 4388 1325 4422 eam
1342 4376 1428 4422 natura
1444 4371 1546 4421 bominis
1556 4370 1715 4421 admiratione
1727 4386 1808 4432 prose·

217 4446 344 4508 doqnidem
358 4461 416 4498 rooe
426 4462 470 4509 sua
484 4454 573 4500 Natura
590 4453 610 4500 si
626 4463 670 4501 nos
680 4452 828 4512 alloquatur,
842 4453 989 4512 voluptatem
1032 4454 1129 4513 quatur,
1144 4449 1210 4512 quod
1220 4449 1317 4498 videtur
1333 4451 1358 4499 in
1371 4462 1431 4498 auro
1446 4450 1472 4497 et
1484 4449 1582 4509 argento
1593 4446 1739 4512 contigisse,
1753 4452 1809 4496 tum

218 4527 246 4570 ut
256 4527 375 4572 mutemur
388 4539 415 4572 ea
425 4527 560 4587 praecipiet,
572 4527 596 4576 id
608 4527 672 4589 quod
687 4528 744 4576 tacit
751 4563 759 4588 ,
776 4529 817 4589 qut
827 4541 891 4576 saum
905 4528 991 4577 mentis
1032 4526 1104 4576 etiam
1116 4524 1140 4575 in
1149 4526 1241 4586 multis,
1252 4539 1308 4588 quae
1319 4540 1373 4574 rara
1388 4526 1459 4586 sunt,
1470 4527 1494 4573 et
1505 4525 1579 4573 ocutis
1587 4525 1686 4588 placent
1694 4560 1702 4585 ,
1711 4527 1739 4574 et
1749 4537 1807 4586 quir

218 4602 268 4646 est:
285 4603 310 4647 at
325 4601 443 4661 voluptrti
467 4615 612 4664 repugnare,
632 4603 671 4652 rel
688 4603 712 4652 in
728 4603 865 4652 servitutem
887 4603 992 4666 redigere
1032 4600 1150 4651 artificum
1164 4616 1235 4664 opera
1243 4602 1341 4651 solerter
1350 4601 1470 4651 elaborata
1481 4600 1670 4661 maspiciuntur.
1686 4621 1698 4643 ν

218 4677 374 4738 οιιρίιλίίυῑεο,
391 4691 435 4725 uec
448 4680 603 4739 temperantis
619 4679 722 4728 hominis
735 4681 784 4741 eat,
796 4691 840 4728 nec
852 4679 939 4737 ieliois,
949 4682 991 4730 sed
1063 4683 1120 4728 Post
1131 4679 1183 4727 tneo
1195 4679 1257 4726 intus
1266 4678 1342 4727 muita
1352 4678 1382 4728 de
1391 4678 1451 4740 regis
1460 4679 1586 4726 Persarum
1602 4675 1778 4740 cultu,quaies
1787 4680 1811 4724 et

216 4755 270 4812 rjus
285 4755 325 4814 qui
338 4757 430 4802 naturae
446 4755 556 4802 tremene
570 4756 659 4804 statum
670 4755 799 4817 ignoratae
808 4757 904 4805 neseiat.
916 4758 992 4818 cujus
1032 4759 1092 4819 quot
1104 4756 1125 4804 ei
1137 4757 1286 4815 ministrent,
1298 4757 1322 4805 iu
1333 4759 1483 4816 veneroque
1496 4759 1568 4818 paeto
1580 4767 1606 4803 se
1616 4755 1697 4819 gerat,
1707 4766 1810 4802 suarem

219 4832 252 4877 rei
262 4829 367 4878 validum
381 4833 417 4879 est
426 4830 605 4891 documentum,
617 4832 680 4894 quod
690 4845 772 4882 omnes
783 4833 904 4894 immines,
915 4848 991 4896 quum
1032 4835 1130 4884 odorem
1138 4848 1187 4896 qno
1193 4833 1264 4882 modo
1273 4833 1317 4882 sibi
1322 4835 1440 4895 conciliet,
1448 4848 1520 4897 qoam
1530 4831 1625 4881 tuende
1633 4833 1715 4880 iomar
1725 4845 1810 4880 ruram

219 4907 349 4968 potentiam
362 4907 426 4956 nacti
436 4909 492 4956 sunt
501 4909 558 4956 satis
568 4921 692 4972 magnam,
703 4911 732 4956 ad
745 4907 869 4968 c'orporeas
879 4911 990 4972 volupta-
1033 4911 1222 4974 adtribeat,m1ae
1237 4909 1268 4958 sit
1279 4909 1331 4973 rjus
1347 4923 1403 4959 eum
1412 4911 1464 4960 aliis
1478 4908 1645 4975 consuetudo,
1653 4907 1744 4970 quibus
1753 4919 1809 4970 spe-

219 4989 255 5033 tra
266 4985 380 5044 terantur,
393 4987 417 5033 et
430 4985 495 5032 trime
505 4984 575 5034 Auem
586 4999 635 5033 esse
647 4985 782 5034 existiment
798 4987 923 5048 potentine,
936 4988 991 5034 reti-
1034 4987 1133 5037 ctarotis
1147 4992 1171 5036 et
1189 4987 1339 5037 sermonibus
1357 4987 1511 5047 exhilaretur,
1533 4984 1643 5034 omnium
1666 4983 1809 5044 bominum,

219 5075 266 5120 ιμιιι
286 5073 341 5109 rrro
358 5061 527 5124 proprrrrodum
546 5063 639 5123 omnia,
654 5067 680 5111 ut
697 5062 769 5111 verbo
787 5061 879 5124 dicam,
896 5065 992 5144 insnprL
1033 5077 1093 5126 qnos
1105 5068 1167 5111 rma
1186 5065 1298 5123 sustinet,
1318 5064 1385 5112 iilum
1404 5067 1454 5112 essr'
1471 5063 1635 5112 beatissirmrm
1653 5058 1732 5120 (Arii,
1751 5059 1810 5122 quia
