3834 5767
237 396 292 445 stit
785 392 1032 453 tttuarttottts
1054 395 1287 457 SEBENNYTAE

235 518 353 588 tatem,
374 540 431 577 non
448 532 567 595 pertinet
585 522 620 577 ad
639 525 759 577 nominis
775 526 1004 599 explicationem,
1144 558 1149 575 ·
1232 536 1377 587 Sesortosis
1396 535 1611 601 (SeSeRTeSeb'
1622 536 1646 611 i.

235 608 282 661 sed
295 611 420 663 notitiam
433 610 591 663 historicam
605 610 728 663 continet
743 610 779 664 de
793 613 935 681 inusitata,
950 632 1006 685 qua
1872 679 1873 686 y

236 696 347 767 insignis
376 706 474 751 auctor
499 696 629 767 dynastiae
655 697 854 771 Memphitica,
881 703 1007 773 corporis
1091 700 1116 751 is
1127 708 1226 753 auctor
1239 701 1305 753 artis
1318 698 1432 753 medica
1442 698 1508 764 tuit,
1527 700 1690 774 primusque
1701 702 1807 758 edilice-

235 784 409 853 proceritate.
428 784 590 837 accuratius
606 800 663 835 rem
677 794 786 837 servant
804 796 932 859 excerpta
947 788 1007 841 bla-
1048 780 1091 835 vit
1111 778 1209 847 ξεσταῖς
1223 781 1301 847 λίθοις
1314 804 1335 837 s.
1355 784 1458 839 dolatis
1472 786 1613 859 lapidibus
1625 788 1810 861 quadrangulis
1872 841 1873 844 ,

235 868 419 935 nethoniana‚
434 870 535 940 quihus
546 866 687 923 Sesochris
700 888 748 924 rex
762 872 886 942 quinque
898 873 1007 929 cubitos
1053 866 1104 940 (V.
1124 870 1241 927 Bnnscn.
1256 889 1286 943 p.
1300 869 1337 925 83
1347 889 1411 942 sqq.
1421 871 1441 944 ).
1454 870 1523 942 Quae
1534 873 1680 928 adduntur
1687 892 1731 946 ap.
1743 877 1809 945 Syn-

235 964 261 1005 ct
274 964 329 1008 tres
339 957 446 1027 palmos
460 956 530 1009 altus
548 954 628 1009 luisse
643 967 782 1012 narratur.
800 988 837 997 -
852 960 912 1013 lam
931 978 1004 1031 quo·
1051 956 1152 1011 cellum
1170 954 1239 1011 titt
1256 953 1300 1011 καὶ
1317 958 1418 1033 γραρῆς
1436 957 1598 1029 ἐπιριλήθη,
1615 960 1809 1032 interpresliu-
1872 967 1873 970 ’

234 1040 320 1095 modo
340 1042 442 1095 iactum
463 1042 514 1105 sit,
532 1051 564 1094 ut
585 1042 716 1095 Manetho
738 1044 843 1115 primos
863 1060 950 1099 anuos
970 1048 1006 1113 78
1051 1042 1120 1097 sebii
1131 1047 1246 1100 Arnen.
1259 1043 1354 1098 reddit
1363 1045 1454 1098 serbis
1468 1047 1545 1100 libris
1552 1050 1809 1119 pmrereascnbea

234 1127 314 1198 hujus
323 1127 453 1201 dynastiae
465 1128 535 1183 inter
549 1126 620 1183 duos
629 1146 707 1199 reges
720 1128 880 1194 distribuat,
893 1140 920 1183 ct
933 1150 1006 1203 pre-
1050 1130 1194 1185 ditrutam
1203 1131 1344 1203 impendit,
1360 1132 1660 1205 quumserumpmcul
1670 1132 1808 1191 dnbiosit:

234 1224 308 1267 terea
320 1216 401 1267 etiam
413 1215 524 1269 tertium
535 1232 628 1287 regem
647 1214 839 1267 h'echerochin
852 1233 915 1269 cum
929 1218 1007 1271 aunis
1050 1222 1136 1269 etiam
1147 1217 1182 1269 de
1193 1213 1331 1269 seniendi
1341 1228 1402 1269 arte
1415 1224 1527 1272 mentm
1536 1231 1586 1275 ert.
1600 1220 1726 1274 Formae
1736 1222 1811 1294 igione

235 1302 445 1369 adintroducat,
454 1320 554 1375 parum
562 1302 658 1372 liquet.
667 1301 803 1356 (lienem
812 1301 924 1357 iortame
931 1303 1006 1357 idem
1053 1303 1289 1375 Sesortosissigna
1302 1302 1512 1375 hieroglyphice
1525 1314 1768 1361 monumentorum
1779 1309 1811 1363 ad

234 1397 273 1439 cst
288 1388 337 1459 qui
354 1387 543 1455 Scromirerrs,
556 1388 718 1442 abbreviato
734 1388 863 1455 nominc,
878 1398 904 1441 et
919 1390 1007 1443 inter·
1050 1389 1231 1461 simpliciores
1249 1388 1350 1443 ductus
1367 1390 1587 1462 redegit,atque
1601 1393 1640 1445 sic
1658 1402 1755 1447 auctor
1768 1412 1811 1449 ex—

232 1476 320 1545 posita
345 1474 424 1529 litcra
446 1492 464 1526 rt
488 1472 576 1545 (utin
598 1476 769 1527 iia-n-screr
788 1488 842 1545 pro
865 1473 1003 1532 iia-seret.
1050 1476 1118 1527 stitit
1138 1477 1280 1548 scriptura
1297 1477 1422 1547 generis,
1440 1476 1520 1547 qnod
1532 1478 1699 1533 hieraticuna
1718 1493 1810 1533 socrat

232 1558 314 1633 liuns.
332 1578 361 1633 p.
379 1558 446 1633 69).
462 1558 648 1615 Necbcroclris
668 1576 723 1613 una
739 1576 801 1611 cum
814 1560 942 1613 Sesochri
956 1578 1004 1615 re·
1052 1564 1155 1632 illuns:
1166 1580 1196 1634 p.
1210 1561 1247 1617 85
1261 1559 1282 1635 i.
1304 1592 1344 1605 -
1357 1564 1447 1617 Porro
1460 1564 1618 1619 Sesortosiu
1630 1574 1755 1621 nostrum
1765 1585 1810 1621 uo

232 1648 366 1717 giravent.
386 1646 519 1701 Praeterea
535 1646 686 1699 Bunsenius
704 1644 748 1715 (p.
765 1643 835 1715 105)
852 1646 1006 1716 suspicatur
1050 1656 1108 1701 tare
1122 1648 1233 1701 videtur
1243 1648 1419 1701 Dicaearchus
1427 1648 1503 1721 apud
1511 1650 1601 1705 schol.
1614 1652 1711 1722 Apoll.
1724 1653 1808 1709 liliod.

232 1732 427 1787 Sesorcherem
446 1732 559 1786 sortasse
582 1732 702 1785 cundem
724 1750 779 1785 esse
800 1750 863 1785 cum
882 1733 1005 1787 Urlrorco
1050 1734 1096 1801 IV,
1110 1750 1182 1801 aya,
1198 1732 1438 1788 nbiSeronclansin
1457 1737 1496 1789 ait
1511 1730 1605 1809 νόμους
1617 1733 1755 1793 τεθεικέναι
1766 1760 1810 1810 ρη-

232 1836 315 1889 quem
335 1818 477 1873 Diodorus
506 1818 552 1893 [1,
579 1818 633 1885 50,
658 1818 692 1888 3)
714 1834 842 1889 regemn
865 1820 951 1873 Busiri
976 1821 1004 1874 11
1049 1818 1109 1873 δι’να
1128 1819 1255 1875 iniciens
1272 1815 1321 1885 τὴν
1339 1818 1464 1897 πατρῴαν
1484 1818 1594 1897 τέχνην·
1612 1817 1659 1877 καὶ
1681 1816 1830 1897 ιριῖιαρνθὲ

231 1906 469 1973 οιιιινιιῐιιίιιὶειτ,
483 1916 566 1977 atquc
580 1906 723 1977 Memphin
737 1905 893 1959 condidisse
906 1906 1001 1965 tradit.
1049 1902 1186 1979 εὑρηκέναι
1205 1902 1294 1960 ἵππων
1315 1902 1464 1962 ortano
1485 1906 1632 1983 ἄνθρωπον.
1658 1907 1740 1967 Certe
1759 1929 1809 1967 nou

230 1992 314 2063 Quod
336 1995 358 2047 si
377 2002 432 2060 est,
452 1994 507 2047 huc
525 1993 677 2065 pertineret
698 1991 774 2045 haud
794 1990 879 2047 dubie
900 2010 1003 2047 nomen
1047 1992 1168 2063 potuisse
1181 1993 1373 2047 Dicaerchum
1389 1996 1513 2067 cogitare
1528 1993 1565 2049 de
1577 1994 1732 2051 Sesostride
1742 1997 1809 2053 oela-

231 2080 487 2145 vassen-tter,
509 2080 587 2150 quod
606 2079 721 2150 Lepsius
740 2079 767 2131 in
790 2096 888 2151 campo
907 2081 1003 2153 sepul·
1047 2078 1172 2133 berrimo
1188 2078 1238 2133 illo
1251 2078 1388 2135 bellatore
1410 2089 1539 2151 tempora
1557 2078 1809 2138 domabilem&-

230 2167 297 2221 crali
311 2166 346 2221 acl
365 2166 522 2239 pyramides
535 2166 694 2221 Gizchianas
708 2166 811 2237 reperit
833 2164 891 2241 [ct.
910 2176 1002 2221 tamon
1047 2165 1188 2219 sonchosis
1198 2164 1244 2218 hic
1255 2167 1334 2220 aunis
1343 2166 1440 2219 vixisse
1450 2164 1528 2220 2500
1539 2175 1604 2220 ante
1615 2168 1725 2233 noim,
1733 2171 1810 2223 omui·

230 2264 289 2311 not.
303 2254 338 2307 ad
350 2254 415 2325 dyu.
429 2254 482 2327 V).
1049 2268 1147 2323 noque
1179 2252 1285 2323 primus
1311 2253 1508 2325 AEgyptiorum
1540 2270 1590 2307 rex
1616 2263 1683 2325 post
1714 2253 1809 2311 lloruru

269 2338 404 2393 Praeterea
415 2338 450 2393 ad
464 2340 553 2411 prima
565 2338 622 2391 haec
635 2337 765 2409 dynastia
777 2339 863 2391 tertia
874 2349 1001 2410 tempora
1046 2336 1131 2391 <lenm
1145 2338 1226 2391 fuisse
1238 2349 1369 2393 narratur
1381 2340 1433 2410 (ex
1447 2337 1598 2393 traditione
1610 2342 1782 2413 Memphitica
1790 2339 1807 2417 J.

229 2424 374 2479 reserenda
385 2434 477 2479 censet
491 2442 589 2497 regum
602 2425 715 2478 uomina
727 2428 798 2479 Acus
816 2434 844 2479 ct
858 2430 1000 2493 Asasnur,
1088 2425 1286 2494 IV.Quartu1n
1302 2442 1399 2497 regem
1411 2425 1608 2479 Eratosthene
1622 2429 1707 2497 ponit
1720 2429 1810 2482 Mater

144 2510 148 2517 '
229 2528 350 2581 equorum
362 2510 432 2565 illud
448 2522 582 2583 quartum
600 2512 681 2565 estin
694 2512 763 2565 serie
775 2529 873 2583 regum
893 2511 1000 2569 Carna—
1045 2510 1064 2566 i.
1075 2528 1102 2567 e.
1112 2508 1253 2585 ἡλιόδωρον
1268 2508 1277 2586 i
1284 2529 1342 2576 rna,
1357 2510 1492 2577 dare3re,
1506 2510 1548 2565 sol
1558 2509 1578 2582 l
1593 2512 1659 2565 Non
1670 2513 1808 2585 respondet

228 2598 322 2665 ciana,
337 2597 392 2651 boc
406 2608 492 2651 exstat
508 2598 536 2649 iu
550 2596 775 2669 inscriptionibus
788 2598 997 2668 sepulcrorum,
1045 2614 1148 2651 nomen
1161 2598 1334 2651 llanethonis
1351 2596 1510 2651 Mesochris.
1531 2598 1685 2654 Eumenius
1699 2599 1743 2672 (p.
1763 2606 1807 2667 74!

228 2702 289 2754 qua
299 2700 388 2757 prope
402 2682 559 2757 pyramides
570 2682 729 2739 Giachianas
740 2684 789 2736 sita
801 2692 873 2740 sunt.
886 2682 928 2741 Cf.
943 2702 999 2738 no·
1045 2685 1130 2757 igitur
1140 2686 1178 2737 ita
1192 2685 1250 2737 haec
1269 2684 1445 2757 expedienda
1459 2686 1564 2739 statuit.
1585 2687 1690 2754 Mares,
1711 2688 1761 2755 ait,
1775 2700 1809 2743 cst

226 2782 283 2824 tam
295 2770 330 2825 de
340 2787 405 2843 rege
416 2770 542 2843 septimo.
1044 2789 1201 2844 cognomen
1221 2772 1310 2843 regis,
1335 2770 1415 2842 quod
1437 2770 1631 2825 Eratosthenes
1648 2775 1742 2845 posuit
1760 2792 1809 2847 pro

265 2860 292 2912 li
307 2870 334 2913 et
348 2861 400 2915 111.
416 2861 576 2929 Sequuntur
596 2876 639 2929 ap.
657 2858 877 2915 iilanrthonem:
902 2861 999 2914 Tosor-
1044 2859 1158 2913 nomine
1174 2857 1298 2925 familie,
1318 2859 1453 2929 quoniam
1469 2858 1524 2911 hoc
1544 2856 1602 2927 jam
1624 2872 1807 2915 οριπιτιται.

226 2948 287 3001 thor
304 2966 350 3001 au.
372 2963 409 3017 29
428 2956 455 2999 et
477 2946 567 3015 {racis
589 2961 634 3001 an.
655 2962 682 3011 7.
706 2944 773 3015 Quae
792 2947 998 3001 accommodari
1044 2962 1108 3000 nan
1119 2943 1272 2999 Mesocliris
1283 2943 1457 2997 Manethonis
1467 2942 1544 2997 idem
1554 2961 1662 2998 nornen
1673 2954 1728 3013 est,
1738 2946 1807 3017 quod

226 3033 306 3087 facile
321 3033 535 3087 Eratosthenicis
552 3042 679 3103 possunt,
699 3031 786 3085 modo
806 3032 933 3086 ordinem
953 3052 999 3087 re·
1043 3034 1073 3086 in
1087 3030 1315 3087 antecedentibus
1330 3032 1432 3084 rectius
1444 3039 1545 3084 auctor
1564 3032 1713 3103 scripserat
1729 3032 1807 3088 Sem-

221 3134 290 3189 ·gum
305 3120 431 3171 invertas.
473 3116 616 3170 Secundus
627 3116 773 3188 ponendus
784 3118 879 3188 Tyreis
894 3135 940 3171 an.
960 3136 996 3185 7,
1042 3118 1116 3171 chris
1130 3115 1346 3194 (Sesorcheres).
1365 3118 1464 3188 ltaque
1479 3125 1614 3188 quartum
1632 3134 1725 3191 regern
1742 3136 1807 3173 nan-

43 3246 50 3257 .
124 3266 127 3275 ,
225 3206 269 3257 cui
291 3222 336 3276 ap.
357 3205 431 3257 Erat.
452 3202 602 3273 respondet
628 3202 752 3256 Stoicbos
774 3200 873 3278 (Ares)
893 3222 939 3260 nn.
961 3204 997 3277 63
1042 3206 1171 3259 ciscimur
1187 3202 1366 3257 Sesorcheren
1384 3203 1413 3256 11
1434 3203 1603 3276 cognomine
1624 3204 1726 3258 Mares.
1741 3205 1805 3257 Auni

224 3290 326 3343 deiude
338 3292 434 3343 tertius
449 3288 601 3341 Tosorthos
614 3306 658 3341 an.
675 3306 727 3359 29,
744 3291 791 3360 qui
807 3308 849 3361 ap.
866 3290 939 3346 Erat.
958 3302 998 3343 cst
1042 3292 1122 3363 regui
1142 3288 1220 3362 apud
1233 3288 1430 3343 Manethoncm
1448 3299 1514 3343 sunt
1540 3307 1592 3357 17;
1613 3288 1726 3344 iortmsc
1744 3289 1804 3343 olim

225 3378 379 3431 Gosormies
392 3394 438 3430 au.
454 3379 500 3431 30.
1042 3379 1123 3432 inisse
1141 3394 1185 3431 au.
1204 3394 1254 3445 27,
1275 3375 1354 3447 quod
1372 3376 1493 3447 spatium
1514 3376 1647 3447 proxime
1671 3375 1805 3431 accederet

263 3466 300 3521 ll.
322 3465 431 3519 Nomen
450 3464 523 3534 regis
541 3462 655 3517 secundi
674 3462 869 3517 Eratosthenes
888 3464 995 3517 aBun-
1041 3464 1077 3517 ad
1089 3463 1277 3518 Eratosthenis
1287 3480 1374 3516 annos
1386 3462 1439 3529 26,
1450 3463 1570 3518 Runsen.
1582 3463 1745 3535 suspicatur.

222 3552 299 3605 senio
312 3550 473 3605 emendatus
486 3551 760 3621 iuterpretaturvocc
771 3546 908 3615 ἡλιόθειος.
924 3552 996 3605 ilinc
1084 3550 1255 3606 Sesorcheris
1266 3550 1310 3615 ΙΙ,
1328 3530 1467 3605 Ruuseuid
1476 3546 1573 3617 judice
1591 3550 1639 3621 (p.
1662 3548 1726 3623 88),
1737 3548 1805 3621 apud

221 3639 373 3692 Bunscnius
388 3636 494 3709 colligit
514 3654 619 3689 nomen
637 3636 798 3708 AEgyptium
816 3637 863 3689 rix
874 3639 995 3709 potuisse
1041 3638 1200 3693 Diodorum
1213 3636 1355 3707 Snsyclris,
1372 3636 1403 3688 in
1415 3632 1807 3709 Herodotiill,136)codici·

222 3724 298 3779 aliud
312 3744 368 3781 esse
383 3725 452 3779 nisi:
469 3722 688 3787 Tarsis-ua,
702 3722 780 3793 quod
791 3722 827 3776 ad
838 3723 997 3794 pyramides
1041 3726 1094 3777 bus
1107 3715 1224 3795 Arychis
1235 3724 1402 3795 appellatur.
1419 3725 1459 3777 hc
1472 3720 1618 3777 Diodorus
1631 3721 1745 3793 quidem
1762 3722 1804 3785 il.

221 3814 251 3875 in
261 3812 453 3884 sepulcrorum
459 3809 833 3882 inscriptionibusrepertum
842 3819 890 3865 est.
900 3810 995 3865 Graece
1040 3817 1089 3881 94,
1102 3811 1127 3880 3)
1137 3820 1285 3882 postquam
1293 3808 1328 3861 de
1337 3809 1428 3861 ilncri
1439 3807 1559 3874 dixerat,
1568 3818 1711 3880 tamquam
1720 3825 1807 3863 serina

221 3899 304 3955 scribi
326 3899 418 3970 potuit
437 3896 613 3951 Tor-cbe-res
627 3906 676 3950 aut
696 3896 851 3967 Ty-le-ms.
870 3898 931 3951 Hoc
945 3897 995 3951 de·
1040 3898 1108 3951 dum
1123 3897 1235 3969 AEgypli
1249 3896 1435 3968 legislatorem
1443 3904 1581 3949 memorat
1594 3893 1723 3970 Σάσυχιν,
1732 3891 1807 3967 ἄνδρα

137 3974 144 3986 ’
221 3986 291 4040 disse
304 3984 416 4039 videtur
430 3985 575 4050 Mancino,
589 3986 618 4037 in
637 3982 715 4053 cujus
727 3982 995 4037 laterculismediam
1040 3980 1140 4037 συνέσει
1152 3980 1317 4058 διαφέροντα·
1329 3983 1420 4035 τοῦτον
1434 3978 1461 4035 δὲ
1473 3976 1539 4055 πρὸς
1549 3984 1603 4043 ταῖς
1613 3977 1808 4056 ὑπάρχωσιιό-

220 4072 352 4144 syllabam
365 4070 398 4125 ke
415 4071 506 4125 scriba
525 4072 664 4139 oniiscrit3
680 4069 795 4123 alteram
811 4066 929 4122 sormam
941 4086 995 4140 po-
1041 4088 1097 4142 μοις
1106 4066 1173 4123 ἄλλα
1182 4088 1212 4121 τε
1223 4070 1370 4143 προσθεῖναι
1379 4062 1425 4121 καὶ
1433 4062 1466 4120 cd
1474 4064 1535 4139 περὶ
1544 4061 1592 4131 τὴν
1601 4066 1653 4120 τῶν
1663 4061 1808 4135 denarrans

220 4160 305 4213 suerit
315 4159 519 4225 Eratosthenes,
533 4156 670 4227 siquidem
680 4154 827 4227 probabile
839 4152 995 4209 admodum
1038 4152 1229 4225 ἐπιμελέστατα
1240 4148 1368 4215 ἐπιτάξαι·
1383 4148 1487 4228 εὔρει-ἠν
1499 4148 1526 4205 δὲ
1538 4148 1583 4206 καὶ
1596 4152 1645 4219 τῆς
1654 4148 1809 4227 γεωμετρία(

220 4256 259 4298 est
269 4263 352 4299 τοττι
358 4244 483 4299 Stoicbor
494 4254 521 4298 et
531 4246 603 4297 Ares
611 4241 687 4315 apud
698 4242 858 4313 syncellum
868 4242 897 4294 in
907 4258 994 4297 uuum
1038 4237 1157 4313 γενέσθαι
1168 4238 1213 4296 καὶ
1223 4236 1271 4305 τὴν
1283 4240 1332 4293 τῶν
1343 4236 1405 4313 περὶ
1422 4239 1473 4293 τῶν
1484 4235 1588 4312 ἄστρων
1599 4234 1710 4312 θεωρίαν
1723 4258 1753 4292 τι
1764 4235 1808 4291 nai

220 4348 323 4386 nomen
337 4331 484 4386 Toickares
495 4328 703 4403 conjungendas
716 4345 782 4385 esse.
797 4328 921 4383 Fortasse
938 4326 993 4381 huc
1038 4324 1219 4403 παρατήρησιν
1239 4322 1339 4389 διδάξαι
1360 4320 1419 4387 τοὺς
1432 4321 1581 4400 ἐγχωρίους.
1601 4356 1643 4367 -
1655 4324 1741 4397 Apud
1754 4326 1808 4379 Hc-

220 4419 359 4489 pertinent
378 4419 461 4471 etiam
482 4418 567 4471 verba
590 4410 679 4489 τοιγὰρ
703 4410 818 4489 ἄμαχος,
838 4432 899 4485 quae
917 4413 994 4486 apud
1037 4414 1173 4469 rodntum
1193 4431 1247 4487 pro
1271 4408 1386 4487 Σάσυχις
1404 4412 1506 4485 legitur
1518 4403 1639 4487 Ἀσυχις,
1656 4413 1811 4467 scribarum

114 4569 119 4579 Ι
223 4504 382 4575 syncellum
395 4505 479 4575 primi
488 4504 560 4575 regis
570 4502 676 4556 nomini
686 4510 790 4555 temere
801 4498 991 4571 praefiguntur.
1038 4501 1135 4572 culpa,
1149 4496 1503 4569 utivideturiverbasunt
1518 4516 1525 4550 ι
1542 4492 1812 4571 uastationem

219 4590 370 4644 Aut'enim
389 4590 474 4643 latere
489 4591 519 4642 in
539 4590 571 4643 iis
589 4588 700 4642 videtur
720 4604 824 4641 nomen
847 4586 993 4641 Toiclraoes
1037 4586 1153 4660 γενέσθαι
1171 4583 1306 4659 Αἰγύπτου
1326 4580 1435 4659 βασιλέα
1455 4580 1544 4656 ἔλεγον
1561 4577 1809 4659 olipiec'hwyni.

220 4694 283 4729 curu
295 4674 428 4729 liberiore
444 4676 691 4746 interpretamento
709 4668 828 4746 ἄμαχος,
843 4682 891 4725 aut
902 4669 992 4749 τοιγὰρ
1036 4677 1107 4732 Nam
1118 4672 1240 4728 eundem
1253 4689 1310 4727 esse
1319 4688 1384 4725 cum
1394 4671 1507 4743 Sasychi
1518 4670 1666 4726 Diodorco
1678 4670 1745 4725 inde
1756 4670 1811 4725 col·

218 4760 354 4833 particula
366 4777 454 4834 greca
468 4760 569 4826 luerit,
582 4777 637 4830 qua
649 4758 772 4813 indicare
785 4768 883 4812 auctor
900 4760 992 4813 voluit
1036 4764 1117 4835 ligas,
1131 4759 1209 4832 quod
1222 4759 1420 4830 huncquoque
1431 4758 1619 4831 legislatorem
1627 4758 1709 4813 t'uisoe
1719 4759 1810 4830 arguit

219 4866 316 4903 vocem
326 4845 454 4913 ἡλιόθιτος
463 4846 501 4899 ita
510 4844 727 4917 intelligendam,
738 4854 771 4898 ut
779 4841 916 4917 significet
924 4841 991 4915 dpa-
1036 4849 1090 4914 lex,
1099 4846 1226 4919 quamde
1239 4864 1293 4901 aere
1301 4845 1393 4901 alieno
1400 4846 1464 4899 tulit
1474 4844 1624 4918 (Herodot.
1637 4846 1657 4903 l.
1669 4844 1713 4919 h).
1724 4840 1808 4914 Quod

159 4984 161 4991 .
217 4952 263 5007 χος
277 4936 377 5007 (liuns.
389 4952 419 5005 p.
436 4939 471 5001 7¹¹
483 4932 503 5005 ).
516 4928 575 4985 lloc
585 4942 677 4985 tamen
687 4932 778 4985 minus
785 4930 941 5003 probabile.
958 4936 971 4953 ⁹
1035 4953 1104 4988 vero
1114 4934 1251 5005 lilycerini
1263 4948 1403 4986 successor
1414 4931 1529 4999 dicium,
1545 4948 1626 4985 error
1636 4928 1807 4987 estanctoris

255 5023 310 5076 111.
332 5021 418 5075 Tertii
428 5023 504 5094 regis
519 5020 632 5075 nomina
644 5019 809 5083 Gosormr'n,
828 5018 982 5086 Torortbos,
1033 5022 1078 5074 vel
1102 5022 1184 5075 etiam
1206 5028 1326 5091 exegetae
1347 5016 1482 5091 AEgyptii.
1497 5018 1608 5071 Nanret
1628 5022 1805 5071 monumenta

218 5106 355 5162 Sesorrlrm
366 5106 526 5163 reducenda
539 5116 603 5160 suut
616 5105 652 5161 ad
665 5122 769 5160 nomen
782 5126 789 5159 :
1032 5106 1098 5159 hnic
1111 5106 1251 5159 sententiae
1263 5105 1404 5159 contraria
1417 5114 1496 5170 sum,
1511 5114 1540 5159 et
1553 5120 1636 5158 musa
1644 5102 1748 5157 enoris
1756 5116 1802 5153 es.
