3834 5767
711 377 758 437 lili
781 377 899 440 utitis
923 379 1102 439 PUdLlClS.
1164 426 1170 432 .
1653 395 1710 445 tot

119 529 202 584 ‹puaru
224 521 310 565 totam
337 529 371 564 ex
397 508 546 564 Aristotele
565 507 673 564 (luxisse
690 521 778 583 puto;
800 521 892 566 cetera
938 510 1076 568 Creticam
1091 511 1215 566 indolem
1230 512 1383 567 ostendunt
1399 513 1520 568 Ceos-um
1535 513 1672 580 instituta,
1687 525 1716 570 et

117 611 209 654 autem
229 599 337 652 minuta
352 597 481 664 frustula,
497 615 559 668 quae
580 615 708 670 magnam
731 608 839 670 partem
857 617 892 652 ne
939 619 974 655 ex
996 601 1116 656 Arcadia
1136 619 1235 674 agmen
1254 599 1399 672 quoddam
1419 601 1575 656 incolarum
1586 603 1716 659 Aristaeus

117 687 203 740 titulis
219 683 334 758 quidem
349 684 378 738 in
389 681 475 738 codd.
496 683 624 756 insignita
638 695 715 752 sunt,
729 685 813 758 longe
826 685 892 756 plu·
939 687 968 740 in
981 686 1067 742 Ceuur
1079 686 1226 744 deduxisse
1239 687 1343 753 fertur,
1359 688 1398 740 sic
1412 685 1448 741 de
1463 688 1535 742 Paro
1548 689 1638 744 insula
1652 691 1714 746 Ste-

116 775 185 828 rima
201 771 395 828 ex·Aristotele
406 771 451 824 vel
462 769 577 824 aliunde
589 780 698 844 aggesta
707 789 773 826 esse.
786 771 893 842 Quibus
937 771 1047 844 phanus
1060 773 1126 844 uyz.
1142 772 1227 826 docet
1236 772 1295 827 haec
1311 791 1318 825 ε
1335 768 1476 852 ’iteritatis
1487 769 1536 845 μὲν
1550 775 1654 850 πρῶτον
1664 774 1716 834 ὑπὸ

115 862 242 926 resectis,
262 868 405 930 tamquam
425 853 591 911 Heracliden
608 857 791 914 retinebimus
812 857 891 911 Poli-
939 857 1051 932 Κρητῶν
1063 856 1108 913 καί
1124 878 1199 913 τινων
1221 855 1350 935 Ἀρκάδων
1363 855 1473 930 ὀλίγων·
1494 856 1607 932 τοῦνομα
1628 857 1715 917 δὲλέ-

117 949 163 1002 rias
180 966 187 1001 ι
206 964 231 999 r.
249 941 404 1012 ’Aduvuluu
422 959 448 998 2.
466 939 694 1015 Λακεδαιμονίων;
715 943 744 1000 3.
764 943 890 1018 Κρητῶν;
937 963 1012 1016 γιται
1027 944 1080 1001 ἀπὸ
1094 942 1185 1022 Πάρου
1207 949 1254 1001 τοῦ
1278 943 1445 1021 Παρρασίου,
1468 943 1557 1024 ἀνδρὸς
1581 944 1716 1022 Ἀρκάδος,

117 1043 142 1099 l.
158 1027 331 1108 depuratius,
353 1029 380 1086 5.
400 1025 554 1107 Repudium
575 1029 618 1104 (6.
635 1026 779 1103 Ἠλείωη)
794 1049 823 1099 7.
839 1030 892 1086 Τι-
937 1029 1021 1107 ἔχειν,
1032 1033 1067 1095 ὡς
1081 1031 1261 1109 Καλλίμαχος.
1271 1032 1405 1104 -Quod
1416 1035 1439 1086 si
1454 1033 1535 1088 aliam
1549 1053 1656 1106 quaeras
1669 1037 1713 1090 ci-

116 1117 221 1190 rriiov3
242 1117 270 1175 8.
294 1113 415 1193 Eppium
433 1135 461 1190 9.
486 1112 587 1189 lirinum
612 1109 819 1190 11.l(opulon;
842 1113 889 1170 25.
936 1121 1066 1187 vitatem,
1080 1116 1159 1193 cujus
1170 1123 1244 1176 cives
1252 1137 1364 1175 morum
1377 1121 1528 1194 legumque
1539 1121 1715 1194 simplicitate

116 1204 264 1280 Ῥηγίνωνς
280 1199 619 1278 lub.'1'upuvrlvms;)29.
635 1197 893 1280 Aexps'imdbdipo·
938 1213 966 1264 et
981 1208 1126 1263 severitate
1151 1226 1215 1262 cum
1237 1207 1394 1280 Spartanis,
1416 1205 1607 1276 Cretensibus,
1633 1207 1711 1276 Cels,

115 1294 263 1361 ruiturum
280 1289 325 1346 36.
340 1287 555 1368 'Aspupurplvmu
937 1291 1067 1347 Tenediis
1078 1297 1211 1366 componi
1224 1295 1325 1368 possit,
1338 1294 1385 1347 vix
1403 1293 1542 1366 aptiorem
1562 1279 1713 1366 antiquitas

151 1379 367 1434 Atheniensium
392 1376 522 1430 Politirm
542 1377 640 1430 ceteris
670 1375 748 1447 quusi
776 1374 893 1430 honoris
936 1379 1097 1451 suppeditet
1110 1399 1195 1453 quam
1205 1383 1310 1454 Cymen
1321 1381 1457 1436 AEolieam
1473 1381 1519 1452 (v.
1534 1381 1646 1438 Illiiller.
1657 1383 1676 1438 l.
1691 1382 1712 1437 l.

116 1485 195 1522 cansa
221 1463 400 1537 prepositum
429 1478 486 1516 eme
512 1461 583 1514 nihil
609 1459 694 1514 hebet
718 1459 889 1515 offensionis.
936 1482 968 1537 p.
984 1483 1052 1520 221.
1073 1465 1139 1522 aab.
1156 1466 1255 1540 aad).
1269 1468 1383 1540 Optime
1402 1468 1488 1540 igitur
1505 1466 1537 1520 in
1553 1465 1715 1540 fragmentis

115 1556 180 1625 Qua
200 1550 305 1606 deinde
322 1557 479 1622 sequuntur
498 1548 622 1603 civitates
635 1563 732 1601 omnes
748 1556 813 1602 sunt
833 1547 892 1601 ori·
936 1553 1039 1608 nostris
1047 1565 1112 1626 post
1123 1552 1261 1610 Tenedios
1269 1563 1416 1628 ponuntur
1425 1553 1514 1620 Parii,
1525 1552 1711 1620 Cei‚Cumaei.

115 1641 177 1713 gine
188 1637 299 1692 Dorice
314 1635 358 1690 rel
374 1635 487 1689 AEolieae
499 1633 544 1688 vel
555 1633 796 1700 Dorico-eolice,
807 1641 892 1703 etque
937 1639 997 1694 Hos
1017 1639 1149 1714 deinceps
1169 1641 1314 1714 excipiunt
1331 1641 1442 1695 Dorion
1467 1637 1570 1694 indolis
1591 1630 1715 1696 'civitaten

115 1724 242 1780 moribus
263 1733 290 1778 et
310 1721 440 1776 institutis
460 1720 514 1774 sibi
535 1721 647 1790 similes.
666 1720 892 1774 Lacedoemonior
936 1725 1039 1780 Italicae
1061 1725 1228 1800 ossiculis,
1250 1727 1462 1800 Rheginorum,
1476 1727 1712 1794 Tarentinorum,

116 1813 261 1886 excipiunt
278 1809 430 1866 Cretenses.
445 1805 530 1878 Quod
543 1824 628 1880 quam
640 1817 705 1879 apte
716 1804 780 1873 fiat,
797 1804 891 1860 dicere
936 1812 1110 1880 Locrorum,
1122 1813 1363 1881 crotoniatarum,
1371 1813 1631 1886 Agrigentinorum,
1641 1812 1712 1882 Qui.

114 1899 246 1972 putidum
259 1897 303 1954 sit.
314 1895 386 1952 Cum
394 1895 566 1950 Cretensium
576 1905 604 1948 et
614 1891 891 1948 Lacedaeruoniorum
936 1897 989 1952 bus
999 1898 1066 1954 addi
1076 1909 1169 1972 potest
1184 1900 1374 1954 Minonrnrnrn
1386 1900 1456 1954 orbs
1470 1897 1521 1971 (fr,
1541 1897 1610 1974 28),
1630 1901 1715 1973 Agri.

116 1986 287 2051 eivitatibus,
311 1981 503 2038 intercedente
515 1981 606 2035 Thera
619 1980 722 2049 insula,
742 1981 891 2035 arctissime
935 1984 1117 2058 gentinorum
1140 1987 1269 2054 colonia,
1292 1987 1408 2043 Creticis
1431 1985 1540 2058 legibus
1560 1985 1712 2055 instructa;

113 2070 215 2142 junctu
223 2081 288 2126 sunt
296 2068 427 2140 Cyrenae,
440 2067 507 2122 urbs
516 2066 748 2122 AEolico-dorica.
759 2068 824 2121 Post
833 2067 891 2121 luec
936 2087 1106 2143 quamquam
1118 2089 1195 2128 nuno
1208 2083 1288 2128 rnna
1300 2073 1400 2130 serien
1413 2083 1477 2128 anre
1492 2073 1602 2126 Locros
1614 2073 1645 2126 in
1657 2072 1716 2128 En.

115 2171 214 2214 auctor
223 2159 254 2213 in
264 2158 490 2230 Peloponnesum
500 2153 583 2210 redit.
598 2155 751 2226 Supersunt
761 2163 891 2226 exeemta
936 2160 1040 2232 carptis
1052 2160 1180 2231 ponitur.

116 2247 221 2300 Politiae
232 2243 445 2309 Corinthiorum,
467 2243 512 2297 cui
523 2239 704 2314 paneaverbo
714 2238 750 2294 de
763 2239 889 2297 Eleomm
976 2246 1042 2301 Haec
1052 2247 1247 2320 igitursirecte
1256 2243 1323 2314 dixi,
1330 2243 1494 2300 Heraclides
1499 2244 1713 2300 Potitiosdirrrr.

116 2350 178 2408 rege
189 2331 386 2403 subjiciuntur.
403 2331 468 2384 Hac
483 2329 533 2383 etsi
554 2326 590 2382 ad
611 2326 797 2398 Peloponnesi
823 2323 906 2380 ciri·'
935 2331 1000 2386 huit
1010 2332 1164 2386 secundum
1175 2332 1275 2404 stirpes
1288 2340 1317 2385 et
1329 2331 1511 2404 cognationes
1520 2328 1712 2404 populorum,

116 2429 198 2474 tatem
222 2419 382 2492 pertinent,
406 2425 499 2470 tamen
523 2431 611 2486 quum
633 2413 747 2484 reliquis
766 2411 889 2466 frustulis
935 2418 1055 2490 situque
1074 2419 1195 2491 publicae
1218 2427 1247 2473 et
1265 2418 1379 2490 privatae
1400 2417 1620 2474 similitudinem.
1644 2418 1713 2489 Qnae

117 2505 158 2559 bic
171 2503 411 2578 llllcinlet'posltls
432 2500 570 2556 simillima
586 2498 655 2568 slnl,
670 2497 706 2554 ab
720 2496 891 2554 Heraclidels
936 2503 1051 2576 quidem
1071 2523 1172 2559 nomia
1191 2522 1223 2560 ac
1244 2505 1317 2560 ratio
1338 2504 1465 2558 omnium
1487 2502 1712 2562 commodissima

117 2593 251 2664 excerptis
269 2590 359 2645 aliena
371 2605 428 2644 esse
445 2588 581 2660 suspicor.
597 2589 690 2657 Atque
708 2583 890 2640 additamenti
936 2603 1004 2646 erat
1018 2593 1090 2646 Nam
1101 2609 1196 2646 mores
1214 2600 1242 2647 et
1261 2591 1403 2658 institute,
1418 2608 1480 2662 quae
1494 2607 1529 2644 ex
1545 2590 1711 2662 primordiis

116 2678 194 2750 hujus
207 2677 366 2749 irruptione
377 2675 480 2730 tactum
494 2691 551 2729 esse
566 2672 688 2740 videtur,
698 2681 731 2725 ut
742 2671 839 2726 titulus
847 2689 889 2726 se·
935 2687 964 2734 et
977 2679 1055 2750 quasi
1075 2678 1238 2752 esanguine
1258 2677 1431 2751 populorum
1449 2686 1627 2744 enascuntur,
1651 2696 1711 2750 prae

116 2765 224 2836 quentis
230 2763 338 2818 Pollllae
352 2763 531 2816 Tenediorum
541 2759 685 2814 exciderit.
699 2759 788 2812 Porro
798 2759 890 2830 ipsum
936 2765 1034 2818 ceteris
1046 2762 1172 2818 indolem
1185 2773 1214 2818 et
1226 2762 1370 2836 ingenium
1382 2763 1554 2836 singularum
1567 2762 1711 2818 civitatum

117 2849 292 2906 lter-aelidem
306 2867 323 2903 a
335 2840 487 2904 Corinthiis
499 2848 590 2902 statim
604 2845 640 2900 ad
650 2844 788 2900 Tenedios
801 2856 890 2900 nens-
935 2851 1121 2918 constituunt,
1134 2861 1163 2904 et
1172 2867 1224 2924 per
1238 2867 1335 2905 omnes
1348 2849 1563 2919 conversiones,
1580 2865 1649 2920 quas
1662 2865 1712 2902 re-

116 2940 172 2993 iisse
189 2946 342 3011 propterea
351 2946 438 3009 puto,
449 2934 528 3007 quod
546 2951 581 2988 ex
594 2932 743 2988 Aristotele
756 2931 809 3007 (fr.
825 2929 889 3008 169)
934 2954 998 2990 rum
1009 2937 1193 2991 humanarum
1205 2933 1366 2989 vicissitudo
1378 2931 1509 3002 adducit,
1522 2951 1633 3005 semper
1645 2951 1708 2987 ma-

116 3025 243 3078 novimus
257 3021 385 3077 Teneatis
404 3021 462 3096 agri
476 3019 614 3076 Corinthii
632 3019 829 3092 cognationem
845 3019 890 3072 in·
934 3034 1003 3078 uent
1021 3023 1076 3078 sibi
1094 3023 1205 3078 similes.
1219 3019 1328 3076 Eodem
1346 3019 1434 3074 modo
1448 3019 1611 3075 Aristoteles
1633 3037 1710 3090 quo-

117 3111 266 3166 tercessisse
295 3125 359 3162 curn
389 3105 533 3174 Tenediis,
566 3105 653 3176 idque
683 3105 889 3176 quammuinre
934 3128 991 3182 que
1010 3111 1042 3164 in
1056 3111 1222 3166 Potitiorum
1238 3126 1326 3181 opere
1345 3125 1407 3162 rem
1423 3109 1510 3180 egisse
1532 3106 1602 3160 mihi
1625 3105 1709 3162 vide-

118 3197 295 3270 comprobari
308 3191 467 3268 Apollinis(
472 3187 710 3266 Smintheilcrdtu
719 3189 794 3263 apud
801 3201 890 3244 utros·
935 3207 991 3252 rur.
1012 3197 1095 3252 certo
1114 3214 1173 3269 quo
1192 3196 1280 3268 magis
1298 3211 1360 3248 rem
1378 3192 1543 3265 perpendo,
1562 3201 1640 3246 tauto
1655 3194 1710 3246 rni-
1768 3255 1772 3259 ,

117 3303 170 3356 que
182 3282 335 3338 simillimo.
347 3281 460 3336 Scilicet
474 3277 616 3334 aTenedo
628 3278 719 3332 cultus
730 3277 777 3331 ille
788 3277 819 3330 iu
830 3275 889 3331 Co·
933 3301 986 3337 nus
1001 3282 1171 3356 permanere
1184 3282 1254 3336 mihi
1274 3297 1402 3354 possum,
1419 3279 1546 3334 distincte
1570 3290 1600 3335 et
1625 3297 1711 3334 eccu-

118 3371 248 3424 rinthium
267 3386 366 3444 agrum
385 3365 529 3422 traductus
547 3375 600 3432 est,
625 3363 701 3419 unde
719 3373 815 3436 postea
832 3381 889 3418 una
933 3379 994 3423 rate
1013 3369 1093 3441 loqui
1108 3370 1265 3444 Diogenem
1284 3367 1442 3440 Laertium,
1462 3367 1513 3438 qui
1530 3367 1709 3422 Aristotelem

117 3457 292 3512 eumArclria
306 3451 648 3529 Syracusasmigravith.
658 3449 760 3507 Strabo
771 3468 800 3522 p.
815 3447 887 3518 380;
934 3454 1004 3510 dicit
1015 3473 1139 3511 seorsum
1151 3465 1279 3510 tractasse
1290 3454 1415 3508 civitates
1425 3452 1707 3525 tyrmnims,demo-
1752 3477 1762 3494 ·

118 3545 230 3600 Pausan.
245 3544 289 3611 Il,
305 3539 335 3612 5,
354 3540 388 3610 33
408 3541 522 3596 Miiller.
534 3541 601 3595 Dor.
622 3539 652 3608 1,
673 3554 702 3610 p.
724 3531 804 3612 218).
824 3535 887 3610 lpsa
933 3543 1049 3596 craticas
1059 3551 1113 3597 ete.
1126 3541 1199 3598 Nam
1212 3541 1242 3594 in
1256 3541 1371 3614 singulis
1388 3539 1496 3594 Politiis
1508 3555 1621 3593 omnem
1637 3535 1709 3592 civi-

117 3629 241 3684 Tenedns
259 3647 274 3684 e
291 3626 418 3694 Troade,
432 3627 483 3681 ubi
496 3625 634 3699 Apollinis
646 3624 782 3680 Sminthei
796 3624 887 3678 cultus
934 3639 1022 3683 mmm
1032 3629 1190 3696 historiam,
1203 3637 1339 3700 qnantum
1352 3625 1410 3698 eins
1418 3625 1455 3680 ed
1463 3643 1525 3680 rem
1535 3625 1707 3698 pertinebat,

117 3717 238 3772 Creticus
248 3715 361 3790 vigebat
373 3711 501 3788 (bliiller.
511 3713 531 3765 l.
543 3712 563 3766 l.
573 3729 605 3784 p.
617 3711 689 3784 uuo)
701 3751 708 3778 ,
720 3710 819 3764 incolis
828 3708 887 3763 fre·
934 3718 1068 3771 continua
1079 3717 1241 3771 namtiorre
1250 3724 1449 3787 peruactetam
1462 3729 1519 3768 etse
1530 3712 1594 3767 satis
1607 3712 1706 3785 liquet.

117 3811 245 3871 cruentata
254 3813 294 3856 est
304 3798 439 3878 (Diodes.
450 3799 490 3867 V,
501 3794 560 3873 83).
570 3797 706 3856 Creticam
715 3813 782 3854 vero
793 3795 891 3851 severi·
932 3805 997 3858 Dici
1009 3813 1102 3876 posset
1115 3803 1293 3858 Aristotelem
1306 3802 1336 3854 in
1351 3800 1515 3854 Politiartun
1529 3797 1709 3854 ordinatione

119 3885 483 3962 tatempraesefemntquae
496 3885 532 3940 de
544 3885 653 3958 legibus
662 3881 890 3938 Tenediorumin
933 3891 1083 3962 respexisse
1100 3888 1137 3944 ad
1155 3898 1257 3944 statum
1278 3885 1566 3959 rerumpublicarum,
1590 3884 1640 3956 qui
1662 3883 1709 3938 vel

118 3973 256 4048 Excerptis
262 3973 365 4028 nostris
374 3972 475 4028 etalibi
486 3971 646 4026 traduntur.
655 3972 746 4026 Porro
754 3971 795 4024 uti
803 3971 888 4024 Tene·
931 3976 1019 4048 ipsius
1027 3986 1106 4030 aetate
1114 3976 1159 4030 vel
1171 3975 1226 4029 alio
1234 3984 1312 4028 certo
1320 3970 1445 4046 quodam
1455 3971 1589 4044 temporis
1599 3980 1706 4043 puncto

118 4057 238 4128 diomm,
251 4061 290 4115 sic
304 4060 388 4114 etiam
406 4059 519 4115 δεοηιηι
533 4059 657 4113 instituta
670 4057 785 4114 Creticae
800 4055 888 4128 origi·
932 4063 1006 4118 forro
1025 4063 1138 4119 fortuna
1159 4060 1332 4116 obtinuisset.
1354 4062 1459 4115 Verum
1479 4058 1539 4113 haec
1560 4056 1597 4112 de
1620 4056 1705 4111 trivio

119 4146 159 4198 nis
172 4146 331 4201 &nescio
342 4163 378 4200 au
393 4155 469 4200 recte
486 4145 582 4200 statuit
594 4145 727 4199 Miillerus
742 4139 826 4216 (Dor.
840 4142 886 4210 ll,
932 4163 1042 4223 arrepto
1068 4151 1141 4205 ratio
1165 4158 1220 4218 est,
1244 4165 1331 4220 quem
1354 4145 1500 4201 eordattor
1528 4161 1613 4200 nemo
1643 4145 1708 4200 viro

119 4249 147 4302 p.
157 4231 218 4288 2²6.
230 4229 282 4286 281
294 4231 316 4306 ).
326 4231 408 4287 Certe
418 4232 511 4306 legum
520 4247 688 4302 morumque
697 4225 795 4284 eadem
805 4245 887 4301 pror·
931 4239 1101 4312 philosopho
1114 4236 1270 4293 obn-odoro
1281 4236 1352 4292 rosit
1364 4230 1409 4310 ρ’)

119 4335 161 4370 sus
173 4317 277 4374 indoles
290 4329 346 4388 est,
362 4316 434 4374 adeo
443 4328 475 4372 ut
488 4317 523 4372 ab
534 4317 664 4386 Ionibus,
678 4315 782 4390 quibus
791 4323 887 4389 postea

120 4403 163 4456 Cei
177 4405 403 4477 recensebantur,
418 4403 519 4459 deduci
534 4421 594 4459 non
609 4404 725 4478 possint.
742 4402 812 4458 Cum
826 4401 887 4457 Ceis
962 4415 995 4478 (ιν)
1011 4418 1043 4464 rr
1057 4413 1095 4463 ror
1108 4426 1138 4462 oo
1153 4411 1209 4462 nu,
1227 4411 1309 4473 opino
1326 4407 1502 4470 nunonem,
1525 4403 1591 4468 qnod
1609 4403 1705 4452 ‘frore-

120 4499 177 4562 =pte
188 4509 360 4566 componere
372 4493 437 4548 licet
446 4492 553 4546 Partus.
566 4491 637 4546 Nam
646 4487 886 4564 quemadmodum
932 4485 1028 4534 nlomm
1041 4482 1150 4532 Politian
1160 4479 1299 4532 acuentes
1306 4477 1350 4540 (lr-
1362 4476 1404 4539 ⁹⁴)
1414 4472 1534 4539 wintine
1546 4472 1643 4523 dicitnr·
