3834 5767
664 349 712 406 hu
735 351 876 408 hlUSlCh
901 351 1149 412 FRAGMENTA.

138 475 175 533 tei
198 479 233 554 τῷ
255 475 355 535 Πύθωνί
378 497 455 554 ρησιν
481 475 624 544 ἐπικήδειον
645 477 757 547 αὐλῆσαι
776 477 894 536 Λυδιστί.

139 563 192 622 Eiet
215 563 236 620 δ’
255 563 280 620 oi
299 561 501 639 Μελανιππίδην
524 561 614 620 τούτου
637 568 681 620 τοῦ
709 564 800 639 μέλους
823 564 898 645 ἄρξαι

135 649 200 728 paci

484 731 531 804 69.

169 833 243 888 ldern
257 834 295 887 ib.
313 851 338 892 c.
360 851 405 901 ιι,
425 853 454 907 p.
475 833 563 902 1134,
580 835 602 888 E
623 827 784 908 ιὈλυμπος
804 833 847 904 δὲ,
865 837 899 898 ὡς

133 915 292 998 Ἀριστόξενός
309 939 396 994 φησιν,
413 917 626 992 ὑπολαμύάνεεαι
639 918 688 976 ὑπὸ
702 923 753 976 τῶν
769 923 898 996 μουσικῶν

132 1011 171 1062 τοῦ
184 1003 332 1083 ἐναρμονίου
348 1003 433 1080 γένους
445 1003 548 1084 εὑρετής
559 1009 724 1082 γεγενῆσθαι·
738 1005 770 1063 cli
782 1006 832 1084 γάρ
848 1005 906 1083 πρδι

131 1091 218 1149 ἐκείνου
226 1090 313 1148 πάντα
324 1091 428 1148 διάτονα
436 1091 481 1149 καί
491 1091 647 1170 χρωματικὰ
655 1083 696 1161 ῆν.
708 1095 778 1150 Vide
785 1113 897 1168 sequen·

132 1183 164 1236 tia
174 1199 206 1236 ex
217 1181 320 1235 eodem
332 1180 408 1235 baud
421 1181 507 1236 dubie
519 1183 685 1236 Aristoxeno
697 1183 794 1254 petita.

488 1305 533 1354 70·

164 1390 310 1445 Athenaeus
323 1389 401 1458 xlv,
414 1410 443 1464 p.
465 1389 573 1458 damu
596 1409 602 1443 ε
626 1387 659 1447 Ὁ
677 1385 704 1444 δὲ
728 1385 898 1466 Ἀριστόξενος

94 1525 98 1536 ,
130 1474 171 1543 τῆν
183 1474 282 1552 εὐρεσιν
299 1477 380 1544 αὐτῆς
392 1478 400 1550 [
412 1480 456 1545 τῆς
469 1474 600 1554 Φρυγιστὶ
612 1473 736 1553 ἁρμονίας
747 1477 755 1551 )
776 1473 897 1550 Ὑάγνιδι

129 1565 160 1638 τῷ
172 1562 259 1640 Φρυγὶ
274 1561 432 1620 ἀνατίθεται.

484 1671 529 1720 7¹·

425 1779 532 1832 LIBER
554 1779 590 1832 11.

162 1912 299 1967 Plutarch.
314 1915 358 1967 De
368 1931 438 1966 mus.
453 1932 478 1967 c.
494 1917 539 1982 ιη,
552 1931 581 1986 p.
600 1912 683 1982 1137,
694 1914 715 1966 E
727 1930 735 1967 τ
748 1908 854 1968 Τούτων
865 1908 895 1978 δὴ

126 1999 172 2054 τῶν
183 1997 329 2073 ἁρμονιῶν,
347 2001 396 2066 τῆς
414 1994 461 2072 μὲν
479 1998 638 2076 θρηνῳδικῆς
655 1995 722 2062 τινὸς
743 1997 837 2072 οὔσης,
851 1999 896 2066 τῆς

128 2083 147 2138 δ’
164 2083 350 2160 ἐκλελυμένης,
370 2083 474 2150 εἰκότως
495 2088 508 2142 ὑ
530 2082 642 2142 Πλάτων
668 2083 897 2162 παραιτησάμενος

128 2171 209 2241 αὐτάς,
220 2173 269 2238 τῆν
280 2169 398 2248 Δωριστί
409 2173 444 2235 ὡς
457 2171 606 2246 πολεμικοῖς
618 2170 726 2249 ἀνδράσι
740 2169 784 2226 καί
794 2167 896 2248 σύρρο-

126 2279 161 2312 σιν
176 2259 339 2334 ἁρμόζουσαν
352 2253 446 2314 είλετο·
457 2259 485 2314 οὐ
505 2257 543 2334 μδι
554 2257 604 2314 Δία
619 2257 748 2334 ἀγνοήσας
761 2256 813 2336 (ὡς
828 2255 896 2334 Ἀρι·

127 2341 233 2410 στύξενός
246 2366 328 2424 φησιν
342 2346 367 2401 ἐν
377 2349 413 2421 τῷ
428 2343 537 2423 δευτίριμ
547 2348 597 2402 τῶν
610 2347 750 2403 Μουσικῶν
763 2351 785 2416 l,
799 2341 838 2399 ότι
850 2364 895 2400 και

126 2433 148 2486 tv
161 2431 265 2496 ἐκείναις
278 2453 304 2488 τι
321 2429 450 2508 χρήσιμον
464 2422 495 2502 ῆν
506 2430 569 2509 πρὸς
579 2432 714 2488 πολιτειῶν
729 2427 855 2510 φυλακήν.

488 2589 533 2638 pa.

417 2707 526 2760 LIBER
547 2707 596 2762 lV.

157 2834 894 2920 ΑιίιειιεειιεΧΙῖί,μ.6ι9,Ι)ιἰίριστάξενοςδὲθντετάρτιρ

124 2925 183 3005 Περί
202 2931 345 3001 μουσικῆς,
365 2953 377 2977 ι
394 2916 486 3010 ᾞδον,
502 2925 593 3005 μησίν,
608 2929 634 2984 αἱ
651 2929 758 3004 ἀρχαῖαι
778 2935 894 3002 γυναῖκες

126 3013 242 3084 Καλύκην
258 3013 319 3070 τινὰ
336 3011 415 3092 ᾠδήν.
460 3015 624 3090 Στησιχόρου
644 3014 665 3070 δ’
683 3005 714 3082 ῆν
734 3011 850 3088 ποίημα,
867 3015 892 3070 ἐν

123 3091 260 3178 ᾧΙίαλύκη
271 3124 310 3164 τις
326 3099 423 3174 ὄνομα,
436 3101 520 3178 ἐρῶσα
541 3101 658 3158 Εὐάθλου
674 3099 824 3174 νεανίσκου,
841 3121 890 3156 σω·

123 3277 176 3324 pom
188 3263 217 3313 dc
234 3267 317 3320 morte
332 3263 448 3326 Pythonis
466 3263 567 3325 lugubre
586 3276 682 3312 carmen
696 3263 761 3312 tibiis
779 3263 892 3312 cecinisse

121 3341 189 3402 Lydio
203 3342 284 3392 modo.
300 3342 348 3392 Alii
368 3343 551 3404 Melanippidem
569 3345 693 3392 auctorem
703 3342 756 3402 ejus
768 3343 892 3392 cautilenae

121 3419 210 3468 iaciunt.

482 3501 526 3552 uo.

147 3581 274 3643 olympus,
287 3585 316 3630 ut
326 3581 360 3630 ait
372 3581 537 3640 Aristoxenus,
553 3595 568 3630 a
583 3583 682 3632 musicis
695 3585 795 3644 putatur
803 3581 890 3630 enhar-

120 3659 185 3706 monii
194 3659 287 3720 generis
298 3661 370 3709 fuisse
381 3664 507 3723 reportor;
520 3674 576 3710 nam
590 3665 647 3711 ente
658 3663 737 3724 ipsum
747 3661 827 3710 omnia
837 3660 890 3708 dia·

119 3737 169 3782 iona
178 3736 275 3786 luerunt
286 3739 312 3785 et
321 3737 476 3786 chromatica.

145 3907 300 3956 Aristoxenus
317 3909 480 3956 inventionem
498 3909 628 3958 hermonim
647 3909 756 3970 Pbrygiae
775 3909 890 3971 liyagnidl
910 3897 914 3914 '

119 3983 213 4045 Phrygio
224 3985 339 4046 assignat.

144 4145 222 4200 Quum
232 4144 308 4206 igitur
326 4145 427 4194 istarum
445 4147 626 4196 inarmoniarum
639 4147 733 4210 (Lydiae
751 4153 775 4198 et
787 4150 887 4209 ionicm)

117 4219 154 4267 iiia
168 4221 267 4282 quidem
288 4222 462 4284 lamentabilis,
484 4223 536 4272 hreo
553 4237 611 4272 vero
629 4224 743 4273 dissoluta
760 4226 804 4285 εῖις
825 4230 889 4275 recto

117 4299 180 4347 Plato
188 4311 242 4348 eam
256 4299 395 4362 repudians,
406 4301 515 4349 Doricam
526 4303 668 4363 assumpsit,
678 4305 705 4352 ut
714 4302 825 4352 decoram
834 4303 890 4353 viris

116 4375 224 4426 medatis
231 4381 258 4426 et
268 4378 362 4427 bellicis
372 4397 378 4427 ι
389 4392 437 4428 non
447 4392 503 4428 eane
512 4393 622 4442 ignorans
634 4381 642 4440 (
655 4385 681 4430 ut
693 4383 727 4431 ait
737 4384 890 4432 Aristoxenus

115 4453 252 4503 insecundo
263 4455 410 4504 Musicarum
418 4457 440 4516 ),
450 4457 521 4505 etiam
532 4459 556 4505 in
570 4458 616 4508 iilis
626 4459 786 4520 (harmoniis)
797 4459 888 4521 aliquid

115 4529 186 4578 inesse
195 4531 255 4580 utile
264 4529 298 4580 ad
307 4532 511 4582 conservationem
521 4534 666 4596 reipublicae.

1661 367 1717 418 het

945 487 1043 558 ρρόνως
1058 479 1162 558 εὔχεται
1178 482 1212 557 τῇ
1228 478 1362 558 Ἀφροδίτη
1383 485 1533 556 γαμηθῆναι
1554 483 1631 561 αὐτῷ·
1662 486 1719 540 ἐπεὶ

945 567 971 622 δὲ
986 567 1116 642 ὑπερεῖδεν
1132 571 1146 624 ὑ
1159 565 1297 636 νεανίσκος,
1309 566 1514 647 κατεκρήμνισεν
1526 567 1629 638 ἑαυτήν.
1642 568 1719 645 Ἐγί-

945 675 1003 709 νετο
1015 653 1042 709 δὲ
1059 652 1090 709 τὸ
1102 654 1183 718 πάθος
1198 652 1259 732 περλ
1273 653 1407 712 Λευκάδα.
1424 655 1589 732 Σωρρονικθν
1610 653 1637 712 δὲ
1652 656 1720 714 πάνυ

945 736 1134 797 κατεσκεύασεν
1152 739 1286 810 δποιητής
1296 741 1326 797 τὸ
1338 744 1384 810 τῆς
1396 741 1526 819 παρθένου
1539 733 1616 813 ῆθος,
1631 744 1678 799 οὐκ
1690 746 1721 801 ἐκ

945 825 1039 891 παντὸς
1060 826 1158 902 τρόπου
1180 825 1303 896 θελούσης
1324 827 1490 904 συγγενέσθαι
1516 832 1554 906 τῷ
1578 829 1718 908 νεανίσκῳ·

943 913 1002 970 ἀλλ’
1018 913 1177 991 εὐχομένης,
1197 917 1219 970 εἰ
1234 915 1353 986 δύναιτο,
1367 915 1431 990 γυνή
1449 921 1495 973 τοῦ
1510 915 1627 975 Εὐάθλου
1645 916 1718 992 γενί-

944 1005 1005 1056 σθαι
1020 1000 1152 1079 κουριδία,
1166 997 1201 1074 ῆ,
1219 1002 1241 1057 εί
1254 1005 1330 1059 τοῦτο
1346 1001 1383 1076 μή
1400 1001 1517 1078 δυνατὸν,
1534 1004 1719 1079 ἀπαλλαγῆναι

942 1093 988 1144 τοῦ
1012 1085 1078 1164 βίον.
1105 1086 1179 1145 »Ἐν
1203 1084 1230 1144 δὲ
1251 1094 1303 1152 τοῖς
1326 1087 1403 1146 Κατδ
1424 1087 1509 1166 βραχύ
1535 1089 1720 1166 ὑπομνήμασιν

943 1176 957 1229 δ
977 1172 1157 1251 Ἀριστόξενος,
1172 1200 1185 1224 ι
1205 1171 1341 1252 Ἰρικλος,
1363 1173 1450 1253 φησίν,
1478 1174 1641 1253 Ἁρπαλύκην
1660 1179 1718 1255 ἐρα-

943 1264 1046 1316 σθεῖσαν
1059 1261 1202 1336 ὑπερεῖδεν.
1215 1259 1248 1321 ‘ll
1262 1260 1288 1318 δὲ
1299 1261 1425 1330 άπίθανε,
1435 1260 1480 1318 καί
1491 1263 1589 1338 γίνεται
1599 1267 1641 1322 ἐπ’
1650 1265 1718 1342 αὐτῆ

943 1346 1079 1424 παρθένοις
1104 1348 1172 1425 ᾠδῆς
1192 1343 1272 1423 ἀγὼν,
1293 1345 1350 1417 ἥτις
1370 1344 1519 1426 Ἁρπαλύκη
1541 1348 1647 1428 (puel)
1669 1373 1718 1407 κα·

942 1436 1035 1491 λεῖται.
1051 1462 1062 1483 ν
1136 1431 1141 1440 ’

1305 1523 1351 1593 73.

981 1628 1120 1696 Plutarch.
1140 1631 1183 1683 De
1200 1647 1270 1686 mus.
1285 1648 1311 1685 c.
1332 1628 1380 1696 31,
1397 1646 1427 1700 p.
1454 1630 1572 1697 namu
1586 1644 1593 1684 t
1607 1625 1673 1686 Ὅτι
1690 1627 1717 1685 δὲ

941 1710 1014 1787 παρά
1028 1710 1074 1776 τδς
1088 1710 1191 1788 α’γωγδις
1211 1711 1256 1768 καί
1269 1711 1315 1778 τδς
1335 1711 1460 1787 μαθήσεις
1474 1712 1607 1790 διόρθωσις
1620 1712 1637 1784 ῆ
1657 1715 1716 1772 δια-

942 1797 1041 1876 στροφὴ
1060 1797 1175 1874 γίνεται,
1199 1800 1278 1868 δῆλον
1304 1798 1476 1876 Ἀριστόξενος
1497 1798 1613 1869 ἐποίησε.
1655 1803 1716 1860 Τῶν

941 1883 991 1962 γδιρ
1005 1884 1073 1942 κατδ
1085 1885 1132 1953 τῆν
1152 1886 1231 1940 αὐτοῦ
1249 1885 1363 1956 ἡλικίαν,
1381 1884 1464 1964 φησί,
1481 1889 1506 1944 Τ
1507 1886 1595 1965 ελεσίσρ
1610 1891 1647 1967 τῷ
1661 1892 1717 1960 θη·

941 1971 1009 2050 ὑαίῳ
1018 1970 1151 2046 συμύῆναι
1163 1971 1213 2048 νέῳ
1226 1969 1272 2045 μὲν
1282 1970 1353 2042 ὄντι,
1363 1977 1493 2052 τραρῆναι
1503 1977 1528 2030 ἐν
1543 1979 1575 2050 τῆ
1589 1975 1716 2052 καλλίστῃ

941 2063 1069 2135 μουσικῇ,
1087 2056 1131 2114 καί
1144 2061 1233 2132 μαθεῖν
1246 2059 1315 2115 ἄλλα
1329 2082 1356 2115 τε
1375 2062 1426 2116 τῶν
1441 2060 1653 2135 εὐδοκιμούντων,
1672 2063 1717 2120 καὶ

941 2143 1026 2212 δήκαὶ
1037 2143 1070 2200 τδι
1085 2142 1273 2220 Πινδάρου,τά
1281 2168 1309 2202 τε
1322 2145 1456 2203 Διονυσίου
1466 2151 1510 2203 τοῦ
1525 2145 1659 2218 θηὺαίου,
1671 2148 1716 2206 καλ

939 2228 972 2285 τδι
987 2229 1135 2309 Λάμπρου,
1151 2228 1196 2286 καὶ
1209 2230 1243 2285 τδι
1256 2230 1404 2308 Πρατίνου,
1421 2231 1465 2288 καὶ
1476 2237 1528 2290 τῶν
1537 2234 1645 2306 λοιπῶν,
1662 2234 1716 2293 όσοι

885 2341 891 2362 ι
940 2321 992 2373 τῶν
1023 2318 1135 2394 λυρικῶν
1160 2316 1250 2394 ἄνδρες
1282 2317 1398 2393 ἐγένοντο
1424 2319 1530 2388 ποιηταί
1563 2319 1716 2397 κρουμάτων

940 2401 1049 2476 ἀγαθοί·
1077 2401 1122 2460 καί
1140 2403 1254 2471 αὐλῆσαι
1276 2400 1303 2460 δὲ
1321 2405 1407 2468 καλῶς
1430 2403 1475 2461 καλ
1497 2404 1608 2482 περὶτὰ
1636 2407 1715 2464 λοιπὰ

940 2489 1007 2568 με’ρη
1028 2494 1074 2557 τῆς
1093 2488 1234 2564 συμπάσης
1258 2479 1378 2555 παιδείας
1398 2493 1494 2556 ἱκανῶς
1515 2493 1714 2563 διαπονηθῆναι·

939 2575 1141 2656 παραλλάξαντα
1157 2577 1183 2632 δὲ
1197 2574 1244 2645 τήν
1263 2581 1308 2645 τῆς
1327 2580 1413 2652 ἀκμῆς
1428 2576 1545 2649 ἡλικίαν,
1565 2578 1632 2636 οὑτω
1651 2580 1714 2660 τρό-

939 2666 988 2743 δρα
1004 2665 1197 2733 ἐξαπατηθῆναι
1214 2661 1264 2719 ὑπὸ
1280 2668 1327 2733 τῆς
1347 2667 1469 2734 σκηνικῆς
1489 2687 1518 2720 τε
1538 2664 1582 2723 καὶ
1596 2667 1715 2736 ποικίλης

939 2754 1078 2827 μουσικῆς,
1092 2753 1126 2816 ὡς
1140 2753 1335 2828 καταφρονῆσαι
1348 2754 1398 2808 τῶν
1413 2753 1500 2808 καλῶν
1515 2753 1626 2825 ἐκείνων,
1638 2757 1663 2810 ἐν
1679 2745 1715 2819 οἷς

938 2837 1080 2918 άνετράρη,
1097 2837 1130 2895 τδι
1141 2835 1283 2902 Φιλοξένου
1294 2836 1321 2894 δὲ
1332 2836 1377 2894 καί
1394 2837 1523 2913 Τιμοθέου
1534 2839 1713 2916 ἐκμανθάνειν,

939 2925 983 2982 καί
1003 2925 1102 2982 τούτων
1123 2925 1209 2982 αὐτῶν
1230 2922 1263 2980 τά
1281 2923 1458 2982 ποικιλώτατα
1477 2924 1523 2982 καλ
1543 2927 1667 2997 πλείστην
1687 2931 1714 2985 ἕν

939 3016 1025 3076 αὐτοῖς
1037 3011 1130 3089 ἔχοντα
1141 3009 1324 3087 καινοτομίαν·
1334 3010 1486 3088 ὑρμήσαντά
1498 3034 1525 3068 τε
1536 3011 1578 3070 ἐπὶ
1593 3014 1623 3070 ιδ
1631 3021 1714 3071 ποιεῖν

939 3100 1021 3172 μέλη,
1038 3097 1083 3154 καί
1092 3098 1296 3175 διαπειρώμενον
1311 3099 1464 3177 ἀμφοτέρων
1478 3099 1653 3178 τῶντρόπων,
1667 3105 1712 3158 τοῦ

936 3265 979 3310 est.
991 3261 1047 3322 Eius
1054 3261 1151 3322 virginis
1159 3273 1239 3310 mores
1246 3261 1354 3322 apprime
1364 3261 1436 3311 luisse
1444 3263 1544 3324 pudicos
1552 3265 1623 3324 poeta
1632 3262 1712 3323 linxit,

936 3341 964 3386 ut
973 3350 1028 3399 quie
1035 3337 1130 3398 juvenis
1139 3339 1335 3386 consuetudinem
1345 3352 1393 3387 non
1403 3352 1500 3400 prorsus
1512 3343 1536 3387 et
1544 3341 1632 3401 quovis
1640 3339 1712 3388 modo

936 3419 1047 3475 cuperet,
1060 3415 1102 3462 sed
1113 3421 1210 3475 optare,
1222 3415 1242 3463 si
1252 3415 1348 3474 liceret,
1358 3416 1461 3464 Euathlo
1473 3416 1538 3476 virgo
1552 3416 1656 3476 nubere,
1669 3419 1712 3464 aut

935 3491 954 3538 si
971 3491 1036 3551 quod
1053 3492 1077 3539 in
1092 3491 1155 3539 rotis
1171 3495 1223 3538 erat
1238 3490 1346 3540 obtinere
1358 3505 1406 3539 non
1423 3495 1515 3552 posset,
1527 3492 1594 3540 abire
1607 3494 1665 3541 rita.
1684 3498 1711 3541 in

936 3566 1125 3628 compendiariis
1136 3580 1193 3616 roro
1208 3568 1387 3615 commentariis
1398 3568 1554 3616 aristoxenus
1564 3569 1599 3616 eit
1610 3569 1641 3617 ab
1652 3569 1711 3630 iphi-

934 3643 988 3705 clo,
1009 3657 1082 3706 quern
1100 3643 1243 3706 impotenter
1258 3646 1368 3706 annuat,
1382 3646 1530 3706 Harpalycen
1548 3649 1711 3708 contemptam

936 3735 1039 3770 mmrore
1050 3722 1213 3780 machetem,
1224 3723 1408 3784 institutumque
1418 3723 1449 3771 ah
1461 3727 1548 3772 creatu
1559 3724 1600 3771 illo
1612 3725 1710 3785 virgini-

935 3798 981 3848 bus
992 3799 1109 3847 eautionis
1120 3802 1256 3859 certamen,
1266 3813 1341 3860 quam
1351 3799 1500 3861 harpalicen
1511 3799 1648 3848 nominent.

1303 3909 1347 3956 73.

967 4013 1038 4070 Quod
1051 4015 1132 4060 autem
1149 4012 1258 4060 educatio
1270 4014 1295 4061 et
1305 4013 1429 4074 disciplina
1440 4015 1479 4062 vel
1500 4016 1591 4062 rectam
1607 4016 1646 4064 vel
1658 4029 1710 4078 pra·

935 4103 991 4136 vam
1009 4088 1098 4136 artium
1119 4089 1288 4137 tractationem
1307 4089 1409 4147 habeat,
1429 4089 1585 4138 Aristoxenus
1596 4091 1708 4140 ostendit.

933 4168 995 4214 Nam
1013 4164 1130 4214 Telesiam
1148 4165 1302 4225 Thebanum,
1314 4166 1355 4226 qui
1369 4165 1444 4226 ipsius
1456 4168 1527 4214 aetate
1540 4165 1613 4227 vixit,
1628 4171 1710 4216 narrat

933 4241 1109 4290 adolescentem
1129 4241 1154 4290 in
1177 4241 1336 4303 pulcherrima
1356 4241 1486 4291 εδυσεῑυιιι
1505 4242 1611 4302 musica,
1632 4257 1709 4304 quum

934 4319 1035 4367 aliorum
1048 4319 1164 4367 nobilium
1181 4322 1308 4379 poetarum
1326 4319 1433 4367 carmina
1449 4317 1572 4377 didicisse,
1584 4322 1638 4368 ium
1651 4320 1710 4370 ein-

933 4395 997 4456 dari,
1009 4396 1113 4456 Dionysii
1120 4395 1240 4454 Thebani,
1254 4397 1361 4458 Lampri,
1377 4396 1491 4456 Pretium,
1501 4400 1554 4445 tum
1563 4397 1708 4459 reliquorum

933 4473 976 4534 qui
994 4473 1069 4534 lyrico
1085 4473 1192 4521 carmine
1211 4478 1237 4521 et
1257 4473 1334 4522 modis
1356 4474 1539 4535 praestiterunt:
1558 4473 1709 4537 eundemque

933 4551 1007 4599 etiarn
1022 4550 1080 4599 tibia
1092 4550 1154 4599 bene
1164 4551 1291 4612 cecinisse,
1302 4553 1327 4598 et
1343 4551 1368 4599 in
1380 4551 1480 4613 reliquia
1490 4551 1567 4600 totius
1577 4550 1709 4613 disciptinae

933 4627 1040 4688 partibus
1050 4627 1108 4675 eatis
1121 4626 1183 4676 ieiici
1198 4639 1254 4675 eum
1268 4627 1388 4675 industria
1401 4631 1526 4677 versatum
1538 4626 1618 4676 iuiaae.
1629 4631 1708 4676 AEtaie

141 4694 301 4743 Αιίιίοποιιυσ
318 4693 377 4742 libro
389 4697 475 4756 quano
488 4683 624 4746 be'mneica
642 4697 737 4758 scribit,
748 4699 837 4760 priscas
853 4701 887 4747 ie·
933 4705 1013 4751 autem
1022 4703 1072 4764 jun
1083 4707 1179 4752 matura
1196 4703 1257 4752 adeo
1272 4704 1342 4752 haheo
1356 4717 1372 4752 a
1386 4703 1481 4753 scenica
1491 4709 1518 4752 et
1531 4703 1598 4752 varia
1605 4704 1645 4752 iila
1657 4717 1707 4752 mn-

115 4770 185 4819 miaas
196 4771 315 4820 ιισσῖσῖωσ
327 4775 461 4824 cantionem
472 4777 592 4838 quandam
602 4778 700 4826 nomine
711 4778 822 4839 cahem.
834 4781 887 4827 ste·
932 4782 980 4830 sice
987 4781 1124 4842 deceptum,
1134 4785 1171 4841 nt,
1183 4783 1326 4843 contemptis
1335 4783 1442 4844 puleio-ie
1450 4783 1479 4831 iis
1487 4783 1509 4830 in
1519 4782 1607 4842 quibua
1617 4784 1706 4830 enutri·

114 4845 196 4896 richeri
210 4861 275 4897 vero
296 4861 378 4898 versus
395 4853 504 4912 exstant,
520 4853 545 4900 in
561 4854 648 4913 quibus
663 4854 772 4915 quaedam
791 4856 888 4904 nomine
933 4861 971 4907 tus
981 4859 1071 4918 iuerat,
1081 4860 1199 4908 Timotiuei
1209 4871 1238 4908 ac
1247 4859 1372 4908 Philoxeni
1383 4859 1498 4908 edisceret
1508 4859 1628 4916 earmina,
1638 4869 1668 4905 ac
1675 4858 1706 4904 de

114 4923 197 4984 calyce
210 4923 410 4986 Euatiriljurenie
418 4939 499 4977 amore
511 4933 603 4990 captae
614 4933 707 4980 venere
717 4935 828 4992 precatur
837 4933 888 4992 ejus
931 4935 970 4984 bis
980 4935 1073 4996 ipsiaea
1086 4935 1251 4996 potissimum,
1265 4947 1320 4997 ηυιε
1333 4937 1438 4984 maxime
1448 4934 1616 4992 econtrario,
1632 4933 1706 4992 plori-

114 5001 218 5062 mptias;
235 5005 376 5063 contempta
385 5017 442 5052 vero
454 5018 468 5052 a
482 5005 602 5054 taehdioso
620 5010 644 5055 et
662 5010 777 5056 renuente
786 5008 887 5071 Joverre,
931 5025 1048 5075 mumque
1061 5012 1176 5063 baberent
1184 5013 1298 5062 novitatis
1307 5033 1314 5062 ι
1324 5025 1448 5076 quumque
1458 4995 1525 5060 acad
1536 5011 1637 5072 lyricum
1648 5021 1704 5070 peu·

27 5133 33 5144 ,
115 5077 245 5140 precipitio
258 5091 288 5128 se
299 5079 417 5130 interemit
433 5097 439 5128 :
452 5081 477 5130 id
490 5083 629 5144 quodcirca
648 5085 780 5135 Leucadem
798 5085 895 5153 tectum,
931 5089 1035 5150 gendum
1046 5101 1143 5138 carmen
1153 5089 1307 5150 contulisset,
1318 5101 1347 5137 ae
1357 5091 1407 5138 ίειιι
1421 5087 1546 5138 Philoxeni
1560 5097 1634 5147 quam
1651 5085 1703 5134 Pia·
