3834 5767
690 374 838 437 esuriet
860 376 1112 439 FRAGMENTA.

473 534 519 603 37.

161 671 468 744 ldrleV‚p.619,C:
484 666 650 746 Κλίαρχσςδ
660 668 686 723 ἐν
694 666 790 746 πρώτῳ
797 666 881 745 Ἐρω-

129 761 192 813 τικὼν
208 756 291 832 νόμιον
307 756 441 812 καλεῖσθαι
454 753 513 811 τινά
527 775 605 831 φησιν
619 751 688 831 ᾠδὴν
712 752 757 808 ἐπ’
771 752 880 832 Ἠριρα·

128 842 293 921 νίδος,γράρων
301 838 393 903 οὕτως·
403 838 555 920 ιἨριρανὶς
562 843 579 908 ἡ
587 837 733 913 μελοποιὸς,
742 839 880 897 Μενάλκου

128 932 303 1003 ιυνηγεταῖντος
316 930 464 1004 ἐρασθεῖσα,
478 926 581 1004 ἐθόρευε
590 926 749 1000 μεταθέουσα
759 932 815 989 ταῖς
825 927 880 981 ἐπι·
928 943 940 965 1

127 1014 220 1087 θυμίαις.
242 1015 369 1073 merim
389 1010 440 1091 γάρ
461 1010 507 1069 καὶ
529 1008 687 1085 πλανωμένη
701 1009 801 1076 πάντας
823 1010 882 1077 τοὺς

127 1100 205 1177 ὀρείοις
211 1098 311 1176 ἐπεξῄει
323 1096 445 1177 δρυμοδς,
453 1100 489 1164 ὡς
500 1101 579 1174 μῦθον
587 1085 652 1153 εἶναι
662 1095 720 1163 τοὺς
730 1097 882 1173 λεγομένους

128 1186 177 1251 leis
195 1184 316 1263 δρόμους·
335 1182 403 1242 ώστε
426 1184 462 1259 μὴ
484 1182 561 1259 μόνον
581 1187 632 1240 τῶν
654 1182 796 1261 ἀνθρώπων
823 1183 881 1248 τοὺς

127 1270 231 1349 ἀστοργίᾳ
243 1272 421 1351 διαφέροντας,
440 1268 507 1327 ἄλλό
523 1268 567 1327 καί
581 1273 633 1327 τῶν
647 1272 732 1347 θηρῶν
744 1269 802 1335 τοὺς
816 1271 880 1339 σἰνη-

127 1360 264 1437 μερσιάτους
275 1358 452 1433 συνδακρῦσαι
465 1360 502 1435 τῷ
515 1356 609 1431 πάθει,
624 1355 751 1422 λαθόντας
763 1355 881 1426 αἴσθησιν

125 1449 229 1523 ῖρενταῆς
239 1444 350 1511 ἐλπίδος.
363 1443 444 1503 Ὅθεν
456 1442 564 1513 ἐποίησέ
575 1466 603 1500 τε
620 1443 664 1500 καὶ
677 1443 811 1513 ποιήσασα
831 1466 881 1501 πε-

125 1530 178 1607 ριῄει
187 1528 304 1600 aceles-la
315 1532 434 1609 ἐρημίαν,
441 1526 570 1608 ὡςρασιν,
580 1527 720 1585 άναθοῶσα
732 1529 776 1586 καὶ
784 1528 881 1608 ᾅδουσα

124 1616 147 1673 τό
165 1616 316 1694 niciensi
343 1617 443 1695 νόμιον,
467 1616 494 1673 ἐν
524 1605 546 1694 ᾧ
573 1618 643 1673 ἐστι·
662 1615 771 1693 Μακραὶ
795 1618 881 1693 δρύες,

124 1694 142 1761 ἐν
152 1704 274 1763 timisa.
290 1732 302 1753 ν

472 1822 519 1878 38.

1646 392 1703 443 tis

965 612 1116 680 Idelel,
1126 630 1155 683 p.
1164 610 1231 678 553,
1246 609 1284 667 il:
1299 608 1433 687 Κλέαρχος
1440 611 1467 667 δὲ
1479 615 1493 667 ὁ
1505 610 1600 675 Σολεὺς
1612 616 1638 670 ἐν
1648 618 1700 680 τοῖς

925 696 1075 773 Ἐρωτικοῖς
1086 724 1098 751 ι
1108 695 1158 754 Διὰ
1165 694 1190 753 τί
1202 694 1283 773 ίρησῖ)
1294 695 1361 771 μετὰ
1369 704 1457 773 χεῖρας
1471 698 1548 769 άνθη,
1562 698 1606 755 καὶ
1616 702 1699 775 μῆλα,

925 780 971 838 καὶ
992 781 1025 838 τό
1044 786 1151 839 τοιαῦτα
1173 779 1301 859 ρέρομενς
1321 780 1443 861 Πότερον,
1462 781 1502 839 ότι
1525 784 1569 841 καί
1590 784 1632 842 διδ
1654 791 1700 855 τῆς

924 866 1023 929 τούτων
1045 866 1202 942 σἰγαπῆσεως
1224 871 1241 936 ἡ
1262 867 1336 943 φύσις
1360 868 1452 941 μηνύει
1476 868 1534 935 τοὺς
1561 874 1606 939 τῆς
1632 869 1701 950 ὥρας

925 965 1032 1022 εχοντας
1052 944 1099 1015 τὴν
1120 944 1272 1020 epileptiam
1286 944 1337 1005 Διό
1357 936 1499 1017 saltenda,
1513 947 1589 1004 οἱονεὶ
1606 949 1700 1024 δεῖγμα

925 1036 970 1101 τῆς
982 1030 1077 1109 όψιως,
1089 1030 1122 1088 τίν
1134 1034 1218 1107 ὡραῖα
1230 1031 1296 1106 μετὰ
1311 1040 1400 1111 χεῖρας
1414 1031 1518 1110 ἔχουσι,
1533 1033 1577 1090 καὶ
1590 1034 1698 1113 χαίρου-

926 1140 967 1175 σιν
984 1120 1085 1189 αὗτοῒς;
1101 1116 1118 1187 ἢ
1137 1120 1204 1177 δυοῖν
1220 1120 1298 1197 χάριν
1316 1124 1399 1176 ταῦτα
1419 1119 1611 1199 περιρίρουσιν;
1631 1124 1700 1199 ἀρχή

925 1226 953 1261 τε
966 1204 1015 1283 γὰρ
1028 1204 1148 1283 ὠτυχίας
1159 1205 1203 1263 καὶ
1215 1207 1383 1284 παράδειγμα
1400 1208 1445 1275 τῆς
1457 1204 1603 1285 βουλήσεως
1616 1208 1702 1271 αὐτοῖς

925 1291 1024 1365 γίνεται
1038 1289 1080 1349 διδ
1091 1290 1198 1363 τούτων,
1209 1293 1333 1361 αἰτηθεῖσι
1344 1292 1390 1367 μίν
1402 1294 1440 1371 τῷ
1451 1296 1699 1372 προσαγορευθῆναι,

926 1375 998 1433 δοῦσι
1009 1374 1036 1433 δὲ
1048 1375 1266 1455 προῦπογράρειν,
1279 1378 1318 1435 ότι
1332 1378 1423 1437 δεῖκαὶ
1433 1377 1525 1442 αὐτοὺς
1535 1378 1701 1453 μεταδιδόναι

926 1465 972 1531 τῆς
985 1460 1061 1539 ὥρας.
1075 1461 1108 1520 Ἦ
1132 1460 1181 1540 γὰρ
1200 1466 1250 1518 τῶν
1269 1462 1372 1539 ὡραίων
1381 1460 1477 1519 όνθίων
1483 1464 1527 1521 καί
1540 1466 1647 1541 καρπῶν
1661 1463 1701 1521 αῖ-

926 1570 999 1618 τησις
1009 1552 1046 1613 εἷς
1058 1548 1186 1607 ἀντίδοσιν
1198 1553 1244 1617 τῆς
1256 1553 1301 1607 τοῦ
1315 1548 1435 1625 σώματος
1447 1550 1516 1628 ὡρας
1534 1551 1702 1627 προκαλεῖται

925 1633 984 1700 τοὺς
1003 1633 1139 1698 λαθόντας.
1154 1634 1191 1693 Ἢ
1209 1634 1255 1701 τὴν
1270 1634 1367 1693 τούτων
1382 1632 1452 1713 ὡραν
1472 1634 1634 1715 παραψυχὴν
1658 1638 1702 1693 καὶ

926 1720 1093 1798 παραμυθίαν
1103 1724 1149 1790 τῆς
1159 1720 1202 1779 ἐπί
1212 1725 1262 1779 τῶν
1273 1720 1409 1799 ἐρωμένων
1416 1722 1484 1800 ὡρας
1491 1724 1547 1787 ταῖς
1556 1723 1703 1797 ἐπιθυμίαις

925 1807 1058 1885 χαίροντες
1075 1807 1177 1887 ἔχουσιν
1198 1812 1294 1873 αὑτοῖς.
1319 1808 1489 1887 Ἰίκκροόεται
1512 1808 1562 1885 γάρ
1586 1808 1636 1866 ὑπὸ
1657 1814 1703 1879 τῆς

925 1892 1022 1951 τούτων
1038 1893 1181 1970 παρουσίας
1196 1896 1272 1951 θεῶν
1286 1894 1421 1971 ἐρωμένων
1436 1895 1522 1960 πόθος.
1543 1893 1574 1951 lll
1596 1893 1633 1970 μὴ
1651 1894 1702 1971 ἄρα

153 1989 224 2043 ἐόειιι
232 1990 293 2053 XV,
304 2005 332 2059 p.
342 1984 412 2059 669,
425 1988 447 2042 F
458 2004 466 2039 τ
478 1980 537 2061 (liele
550 1973 604 2053 edu,
615 1982 656 2039 did
667 1983 704 2053 τί,
714 1986 880 2062 τῶνέστερα-
912 1971 971 2035 ’τοῦ
988 1979 1049 2059 περὶ
1064 1980 1154 2045 αὖτοὺς
1172 1980 1271 2055 κόσμου
1291 1980 1380 2059 χάριν,
1395 1980 1513 2059 καθάπερ
1534 1980 1599 2038 ἄλλο
1611 2004 1637 2038 τι
1650 1985 1701 2039 τῶν

122 2072 227 2145 νιιμένων
245 2070 290 2128 ε’όιν
307 2069 405 2139 λύηται
420 2076 434 2128 θ
447 2063 586 2148 στίρανος,
608 2071 669 2144 ἐρῖν
682 2068 816 2143 λόγονται;
832 2069 879 2126 πό·
925 2064 989 2143 πρὸς
1007 2066 1194 2141 καλλωπισμόν
1213 2067 1403 2139 συντεινόντων,
1418 2065 1507 2145 ἔχουσί
1521 2089 1548 2124 τε
1561 2073 1644 2126 ταῦτα
1658 2067 1702 2125 καὶ

122 2180 189 2234 τερον,
200 2158 239 2215 ότι
255 2160 269 2213 ό
283 2155 347 2234 ἔρως
358 2161 405 2213 τοῦ
424 2159 476 2213 τῶν
492 2154 608 2233 ἐρώντων
622 2151 698 2232 ἤθους
710 2163 882 2231 περιαιρεῖται
925 2150 1060 2229 χαίρουσιν
1081 2154 1178 2217 αὐτοῖς.
1200 2154 1241 2211 Oi
1259 2150 1309 2231 γάρ
1328 2152 1405 2228 μόνον
1425 2154 1636 2231 στερανουμένων
1650 2161 1702 2217 τοῖς

122 2243 265 2319 εόνκόσμον,
276 2243 320 2300 διὰ
326 2247 403 2301 τοῦτο
410 2242 458 2311 τὴν
467 2247 512 2300 τοῖν
521 2242 659 2318 ἐπιφανοῦς
667 2240 767 2314 κόσμου
775 2240 879 2319 περισί-
925 2238 1030 2315 ὡραίοις
1042 2239 1156 2313 άνθεσιν,
1168 2237 1237 2297 ἀλλὰ
1250 2239 1294 2297 καὶ
1306 2239 1373 2313 μετὰ
1386 2241 1475 2317 χεῖρας
1489 2238 1600 2317 ἐχόντων
1610 2240 1640 2296 τὸ
1649 2248 1702 2296 πᾶν

123 2351 177 2405 ρεσιν
196 2328 308 2409 ρρυκτόν
320 2352 395 2399 τινα,
413 2328 477 2406 ρησῖ
494 2324 629 2403 Κλέαρχος
642 2328 668 2383 ἐν
682 2324 777 2403 πρώτῳ
796 2306 881 2405 Ἰίρω-
925 2316 992 2391 εἶδος
1009 2327 1198 2399 ἐπικοσμεῖται.
1219 2328 1243 2385 Τ
1245 2326 1300 2403 άχα
1321 2326 1342 2383 δ’
1358 2327 1419 2392 ἴσως
1442 2325 1531 2383 διὰτὸ
1550 2326 1702 2404 φιλοκάλους

121 2419 194 2485 ταῶν,
213 2415 259 2473 καὶ
277 2414 384 2487 σημεῖον
405 2413 535 2487 νομίζουσι
549 2416 595 2469 τοῦ
608 2411 653 2468 καὶ
673 2411 716 2468 τὸν
738 2417 782 2467 τοῦ
806 2412 881 2480 ἤθους
925 2402 1006 2468 εἶναι·
1021 2413 1097 2483 δηλοῖ
1109 2412 1136 2469 δὲ
1150 2412 1180 2469 τό
1193 2416 1244 2469 τῶν
1260 2416 1347 2471 καλῶν
1363 2414 1423 2490 ἐρᾶν
1437 2412 1482 2469 καί
1494 2412 1557 2493 πρὸς
1570 2410 1603 2469 τό
1616 2415 1701 2491 ὡραῖα

121 2502 203 2575 κόσμον
215 2504 389 2578 περιῃρῆσθαι
403 2498 459 2564 τοὺς
474 2497 620 2567 counitam
668 2539 672 2546 -
925 2500 1032 2576 φιλικῶς
1047 2497 1125 2576 ἐχειν.
1142 2498 1231 2558 Καλόν
1254 2498 1305 2579 γὰρ
1319 2498 1358 2557 ότι
1372 2498 1418 2565 τὰς
1438 2499 1541 2577 ὀπώρας
1554 2498 1639 2557 καὶτὸ
1656 2503 1702 2571 τῆς

152 2591 277 2661 Sequitur
299 2590 413 2661 longior
437 2588 604 2660 disputatio,
631 2604 715 2659 quum
740 2595 827 2639 totam
847 2603 881 2639 ex
924 2582 993 2662 ὡρας
1004 2584 1083 2651 ὄντως
1095 2584 1234 2664 πρόσωπον
1247 2584 1275 2643 ἐν
1287 2608 1315 2643 τι
1335 2586 1457 2663 καρποῖσι
1474 2588 1518 2642 καὶ
1535 2584 1622 2643 άνθεσι
1637 2591 1701 2644 θεω-

120 2676 239 2731 (learcho
252 2674 364 2729 fluxisse
375 2676 423 2729 vix
436 2674 556 2729 dubium
574 2684 625 2728 cst.
642 2672 804 2727 Exscrihere
821 2672 880 2725 ine-
925 2670 1059 2748 ρούμενον.
1072 2670 1110 2731 Ἦ
1128 2669 1222 2735 πάντες
1236 2674 1260 2729 οἱ
1275 2674 1380 2751 ἐρῶντες
1391 2662 1442 2730 οἷον
1463 2672 1637 2750 ἐκτρυῖρὼντες
1652 2672 1702 2729 ὑπὸ

120 2764 179 2831 pilai
191 2764 240 2818 lias
256 2762 346 2819 nolui.
359 2760 413 2816 Adi
431 2761 605 2817 Athenaeum.
627 2760 757 2813 Ceterum
779 2757 881 2813 eedem
923 2762 969 2813 τοῦ
986 2754 1083 2823 πάθους
1103 2757 1148 2815 καὶ
1168 2757 1337 2837 ὡραινόμενοι
1351 2766 1403 2825 τοῖς
1416 2757 1520 2835 ὡραίοις
1535 2756 1699 2836 ἇόρόνονται.

120 2848 174 2902 Ιοεο
183 2850 336 2923 legebatur,
348 2856 434 2920 puto,
450 2846 528 2918 qnod
541 2847 666 2917 seqnitur
681 2844 878 2918 fragmentum.
925 2842 1043 2901 Φυσικόν
1059 2843 1109 2922 γὰρ
1124 2842 1156 2914 δή
1170 2866 1196 2901 τι
1210 2843 1240 2901 τό
1253 2834 1311 2911 τοὺς
1328 2842 1458 2920 οίομίνους
1471 2834 1537 2901 εἶναι
1550 2842 1643 2910 καλοίις
1657 2844 1702 2901 καὶ

127 2962 207 2977 *-

470 3016 513 3065 ct.

143 3123 348 3186 clauthmssiliro
354 3123 431 3184 ptimo
440 3120 789 3181 Eroticonrm,nomium(ie
798 3123 878 3182 pasto·

120 3203 174 3261 niet
184 3203 262 3251 soceri
270 3203 306 3251 ait
312 3202 434 3249 melleum
444 3198 565 3260 quoddam
574 3198 606 3247 ab
616 3198 759 3260 Eriphanide
766 3198 877 3247 ductum.

121 3281 194 3328 scitii
204 3283 282 3331 antem
291 3280 387 3329 iniaunc
397 3269 496 3327 modum
505 3297 511 3325 :
519 3296 531 3319 ι
543 3276 667 3337 ΕείρΙιοοίε
676 3276 767 3338 poetria
778 3276 863 3325 melica
869 3312 877 3337 ,

119 3368 187 3406 ιιεεε
203 3359 272 3419 rapta
288 3356 403 3405 tiernlrae
414 3353 547 3415 venatoris,
566 3353 697 3402 venabatur
713 3354 738 3401 el
752 3352 817 3413 ipsa,
835 3365 879 3400 sua

120 3444 246 3495 persequere
261 3433 386 3483 desideria.
401 3433 543 3481 Discurrens
561 3430 633 3492 igitur
650 3432 675 3479 et
692 3443 776 3478 errans
794 3430 877 3478 emnia

120 3516 217 3561 nonen
234 3525 333 3562 nemora
348 3510 518 3570 muletatur,
530 3510 564 3558 ita
573 3512 601 3557 ut
618 3509 706 3557 tabulae
717 3508 766 3555 sint
781 3510 821 3556 ius
835 3506 876 3568 qui

119 3586 217 3637 tirmior
235 3602 335 3647 cursare,
347 3590 424 3650 utque
434 3600 482 3635 non
494 3584 567 3634 modo
584 3584 707 3633 inminnm
720 3585 736 3632 ii
750 3584 822 3633 etiam
836 3582 878 3643 qui

120 3668 221 3716 saturatis
239 3666 317 3715 munis
332 3666 421 3714 amoris
436 3664 542 3713 maxime
562 3666 673 3724 expertes
691 3664 773 3721 eram,
792 3674 877 3709 venum

119 3745 181 3793 sun
198 3746 331 3795 neuwen
351 3744 473 3794 letissime
492 3742 561 3791 malis
586 3742 651 3791 illius
668 3740 877 3796 illacrimarentur‚

119 3834 177 3869 amn
189 3822 292 3884 quodma
303 3821 427 3871 unctoria
440 3820 489 3882 spei
501 3822 580 3869 tacto.
594 3822 678 3881 itaque
689 3818 761 3867 etiam
771 3817 878 3865 carmina

120 3899 178 3960 terit,
192 3900 354 3961 comitiisque
368 3893 462 3948 deserta
472 3897 609 3955 oberravit,
620 3899 649 3945 ut
664 3896 745 3956 aium,
755 3896 804 3944 sita
818 3906 878 3943 voce

119 3976 222 4037 tlemus,
242 3981 391 4037 mannaque
409 3974 532 4034 nonium,
554 3974 620 4035 qnod
639 3976 748 4034 vocatur,
765 3982 875 4030 carmem

118 4050 307 4115 isquosstiatrn
318 4074 326 4103 ι
336 4056 445 4115 ingentes
453 4066 571 4115 ηοοισιιε,
581 4064 596 4101 ο
606 4051 723 4101 Menalca.
736 4070 748 4092 ι»

143 4244 228 4297 Qw's
244 4242 330 4297 cunei
347 4242 517 4289 coronatorum
534 4239 698 4289 dissolvuntur
714 4249 823 4297 noronte,
843 4236 875 4297 ii,

117 4318 227 4377 quibusid
243 4319 338 4377 antidit,
352 4317 463 4366 dicantur
481 4330 563 4365 amare
579 4313 646 4377 rapi?
663 4334 675 4356 ι
694 4316 795 4373 unum,
813 4325 875 4375 quo·

117 4396 173 4444 ιιεεο
188 4410 252 4445 atuor
266 4396 346 4447 auleti
360 4408 456 4444 morum
474 4397 642 4445 ornamentum
663 4394 699 4443 ltis
716 4393 759 4455 qui
780 4394 876 4451 amani,

116 4470 197 4522 ἰόᾰσο
207 4474 300 4534 mura
315 4473 440 4533 compicui
458 4465 594 4521 ornamenti
610 4470 700 4531 (verba
720 4472 777 4518 sunt
792 4469 876 4517 clear·

116 4548 161 4607 ut,
173 4550 247 4610 prium
261 4549 323 4598 libro
338 4549 502 4608 iiroticorum)
513 4560 556 4609 pro
573 4546 640 4607 εἰςιιο
649 4544 754 4607 qtlorlam
766 4544 876 4606 liabetur,

116 4634 159 4681 qno
174 4624 305 4673 declaretur
322 4636 418 4671 morum
437 4625 547 4671 ornatum
566 4620 672 4669 amidsse
686 4633 727 4669 eos
745 4621 834 4680 quibus
853 4620 876 4668 id

116 4699 211 4748 w'lll?
223 4722 234 4743 ν
245 4702 292 4751 cic.

469 4779 512 4829 ee.

142 4870 263 4921 curatus
269 4872 373 4922 Solensis
381 4872 406 4920 in
419 4870 561 4920 amatoriis:
577 4865 664 4925 «Quid
676 4881 754 4917 caum
765 4871 815 4927 est,
829 4868 876 4928 eit,

118 4960 155 4991 tur
163 4946 228 4997 lorus
239 4951 263 4998 et
276 4961 349 5011 poma
357 4952 383 4997 et
392 4947 498 5009 idgenns
508 4946 554 4994 alia
562 4945 673 4993 manibus
682 4946 817 5006 gustamus?
827 4948 877 5005 An,

118 5022 175 5079 quod
188 5026 300 5073 murata
314 5024 402 5085 eisqui
420 5022 508 5071 talibus
522 5021 680 5081 deleclautur,
697 5020 815 5079 ostendit,
827 5032 877 5069 esse

119 5100 339 5161 sspnkiritudinis
356 5102 508 5163 oportunius?
522 5100 595 5161 igitur
614 5099 689 5149 veluti
706 5096 878 5146 documentum

923 3012 1017 3057 naturae
1026 3024 1076 3058 suaa
1088 3010 1200 3073 pulchros
1211 3011 1281 3061 nores
1298 3012 1438 3073 fructusque
1447 3012 1471 3060 in
1487 3012 1598 3061 manibus
1610 3012 1700 3061 ΙιιιΙιειιί

924 3085 1007 3146 eisque
1014 3085 1180 3135 delectantur?
1190 3092 1226 3135 An
1235 3088 1336 3136 rluarum
1347 3101 1427 3137 rerum
1440 3100 1511 3137 causa
1527 3088 1701 3137 circumierunt

923 3161 1088 3211 istaiEssistit
1095 3164 1158 3212 enim
1168 3176 1210 3226 per
1219 3164 1271 3211 haec
1280 3164 1326 3213 illis
1333 3166 1358 3213 el
1366 3164 1462 3213 initium
1470 3176 1608 3225 congressus
1616 3164 1701 3225 (ἐντεύ-

923 3242 977 3295 ξεως
989 3240 1051 3301 coni.
1061 3242 1082 3301 ),
1095 3242 1120 3289 et
1129 3242 1299 3289 documentum
1312 3241 1437 3303 eiusquod
1446 3242 1546 3303 cupiunt
1560 3261 1565 3289 ι
1577 3254 1633 3289 num
1643 3242 1701 3303 (ob-

922 3319 987 3366 viam
997 3320 1133 3382 venientes)
1145 3320 1187 3381 qui
1195 3320 1226 3367 al)
1240 3319 1286 3367 iilis
1295 3320 1380 3380 petunt
1389 3322 1416 3368 ui
1427 3320 1472 3368 sibi
1483 3319 1633 3381 impertiant,
1643 3320 1700 3368 ailo·

922 3398 1030 3455 quuntnr
1040 3408 1093 3457 eos;
1104 3400 1129 3445 et
1139 3397 1197 3458 ipsi,
1210 3410 1285 3458 quum
1299 3396 1345 3446 illis
1355 3396 1427 3456 dunt,
1444 3396 1577 3458 significant
1591 3401 1702 3457 oportere

922 3475 947 3520 et
957 3472 1010 3523 iilos
1021 3487 1071 3523 suaa
1089 3474 1274 3539 pulchritudinis
1291 3474 1386 3535 copiam
1400 3472 1484 3522 lacere.
1505 3476 1564 3523 tiam
1581 3474 1623 3535 qui
1641 3475 1702 3535 petit

922 3552 951 3597 ut
958 3552 1003 3599 sibi
1013 3552 1042 3601 de
1052 3554 1158 3603 venustis
1167 3553 1265 3602 iloribus
1275 3552 1441 3613 fructibusque
1450 3552 1584 3614 impertias,
1597 3554 1699 3614 isquum

922 3630 1017 3693 accipit,
1028 3644 1057 3681 eo
1068 3630 1120 3693 ipso
1136 3632 1253 3681 invimur
1264 3633 1292 3681 ut
1305 3631 1408 3680 vicissim
1420 3631 1456 3680 sui
1468 3630 1573 3691 corporis
1586 3633 1698 3679 venusta-

921 3709 953 3757 tis
966 3708 1104 3770 participem
1113 3720 1139 3755 se
1150 3708 1231 3757 iaciat.
1243 3709 1352 3757 Fortasse
1365 3709 1438 3756 etlam
1448 3705 1598 3755 delcetantur
1613 3706 1699 3754 trorum

922 3784 1101 3847 pulchritudine
1113 3787 1138 3833 et
1154 3798 1226 3846 penes
1241 3798 1267 3834 se
1286 3786 1332 3834 istu
1350 3786 1456 3845 gestant,
1479 3796 1528 3844 quo
1546 3783 1700 3832 consolentur

921 3862 1059 3923 leniuntque
1067 3861 1342 3911 vehemensdssiderium
1352 3858 1534 3921 pulchritudinis
1545 3872 1628 3907 eorum
1639 3872 1701 3919 quos
1739 3842 1742 3861 ¹

922 3942 1004 3988 amant
1022 3959 1027 3989 ι
1047 3952 1103 3987 nam
1121 3938 1206 3987 irarum
1223 3952 1304 3988 rerum
1320 3938 1445 4000 presentia
1459 3936 1595 3985 retunditur
1615 3950 1698 3985 eorum

922 4028 985 4077 quoa
1006 4027 1116 4065 amamus
1135 4014 1288 4065 desiderium.
1320 4014 1369 4063 tiisi
1390 4014 1470 4075 potins
1492 4013 1580 4074 proprii
1600 4016 1699 4061 ornatus

922 4092 1008 4153 cansa,
1023 4090 1224 4154 quemadmodum
1236 4092 1284 4140 alia
1296 4104 1351 4152 qum
1362 4091 1391 4139 ad
1412 4094 1579 4138 ornamentum
1592 4090 1698 4150 corporis

923 4169 1054 4231 pertinent,
1072 4170 1164 4230 gestant
1186 4168 1231 4216 ista
1256 4169 1339 4229 eisque
1360 4166 1511 4215 delectantur
1531 4184 1537 4213 ι
1557 4178 1605 4213 non
1624 4166 1697 4214 ιιιοιΙο

923 4248 987 4297 enim
996 4248 1037 4309 qui
1047 4250 1194 4297 coronantur
1207 4246 1312 4296 venustis
1324 4244 1436 4304 iloribus,
1447 4243 1489 4293 sed
1498 4246 1522 4293 ei
1531 4246 1572 4305 qui
1587 4242 1698 4293 annilius

922 4329 1027 4388 gestant,
1037 4340 1122 4375 mrum
1139 4324 1256 4375 universa
1271 4326 1354 4374 iormoe
1365 4326 1478 4372 venustas
1490 4322 1571 4383 aliqua
1589 4324 1613 4371 et
1624 4336 1692 4369 orna·

922 4408 963 4454 tus
980 4405 1035 4455 inde
1050 4405 1148 4454 emolit
1166 4406 1276 4453 Fortasse
1289 4416 1347 4453 vero
1361 4402 1434 4452 etlam
1454 4400 1519 4463 quod
1537 4414 1696 4463 quencumque

922 4481 1023 4543 pulchra
1039 4484 1096 4531 sunt
1110 4484 1191 4529 amant
1210 4500 1216 4529 :
1237 4475 1343 4529 declarat
1359 4479 1423 4528 enim
1442 4490 1522 4527 rernm
1542 4476 1696 4538 pulchrarum

922 4573 1028 4609 amorem
1037 4559 1163 4609 delectatio
1172 4571 1245 4620 qoam
1254 4572 1282 4607 ea
1294 4560 1423 4606 ternorum
1430 4554 1516 4605 tiorum
1527 4554 1698 4616 fructuumque

923 4637 1058 4684 lsoreeorum
1067 4639 1163 4696 aspectu
1174 4622 1318 4697 percipimus
1332 4633 1449 4694 :pulchra
1465 4632 1554 4693 quippe
1570 4633 1697 4683 reserarat

921 4715 1030 4761 autumni
1039 4716 1064 4761 et
1079 4712 1141 4761 veris
1151 4711 1234 4770 iacias,
1245 4710 1268 4757 in
1278 4710 1397 4758 fructibus
1406 4708 1551 4768 floribusque
1561 4710 1694 4768 maspeeta.

923 4792 970 4839 Aut
981 4802 1064 4837 ornnes
1079 4790 1201 4845 amantes,
1218 4786 1249 4835 ob
1267 4786 1333 4834 Ιιιιιισ
1348 4786 1427 4847 ipsum
1444 4773 1516 4833 ¹animi
1535 4784 1647 4847 attactum
1665 4783 1697 4833 ud

922 4866 1041 4914 irrsuriam
1055 4867 1079 4913 et
1088 4863 1211 4926 elegantias
1224 4862 1331 4911 studium
1343 4861 1465 4923 propensi,
1476 4860 1561 4908 ilerum
1571 4858 1696 4908 venustate
1775 4904 1779 4911 ,

922 4944 1013 4991 erilium
1023 4942 1067 4989 sibi
1077 4941 1203 4989 conciliare
1212 4938 1323 5000 gestiunt.
1339 4940 1428 4987 Natura
1440 4938 1503 4985 eraitn
1519 4936 1650 4995 ingenitum
1660 4940 1695 4981 est

922 5021 973 5080 iris,
983 5019 1024 5081 qui
1038 5018 1131 5081 pulclrri
1143 5018 1167 5065 et
1176 5016 1270 5065 venusti
1280 5028 1331 5064 esse
1345 5014 1388 5063 sibi
1401 5012 1521 5069 videntur,
1533 5010 1638 5058 uiliores
1648 5011 1695 5056 roi-

922 5097 1003 5157 iigant.
1015 5098 1093 5151 Quare
1109 5096 1132 5141 et
1150 5092 1288 5153 Proserpina
1300 5102 1355 5137 rum
1365 5090 1413 5137 suis
1423 5086 1549 5136 comitibus
1561 5084 1630 5132 liores
1644 5085 1694 5132 rot·
