3834 5767
224 310 281 364 itt
806 297 1028 359 htcmsucffl
1049 298 1227 362 numidii

223 427 246 485 δ’
269 424 378 490 άκείνους
401 424 554 503 θλίγχσντας
567 423 691 493 ίίετάζιιν
712 423 871 504 Δικαίαρχάν
894 448 922 483 τε
946 424 992 483 καί
1037 446 1088 500 τος,
1107 426 1218 501 γελοῖον·
1236 424 1325 505 ὥσπερ
1336 426 1425 506 ίκείνῳ
1439 428 1526 487 κανόνι
1539 428 1690 507 χρήσασθαι
1704 432 1804 511 προσῇ·

226 509 410 591 Ἐρατοσθένη,
424 510 468 569 τὸν
485 512 630 568 τελευταῖον
644 502 911 589 πραγματευσάμενον
931 510 992 588 περὶ
1037 535 1091 583 κον,
1111 513 1169 571 καθ’
1193 504 1222 571 οὗ
1246 512 1381 580 τοσούτους
1403 514 1522 593 ἔλάγχους
1546 516 1622 583 αὐτὸς
1638 518 1805 597 προφέρεται·

223 596 403 675 γεωγραφίας,
426 595 472 653 καί
497 596 616 672 Πυθίαν,
639 596 681 677 ὑφ’
705 586 736 653 οὗ
761 600 992 675 παρακρουσθῆναι
1037 598 1237 675 Ἐρατοσθίνους
1254 598 1280 659 δὲ
1304 599 1404 679 είρηται
1421 604 1437 671 ἡ
1456 601 1517 681 περί
1530 600 1561 659 τίι
1583 604 1692 681 ίσπάρια
1713 604 1759 661 καί
1776 604 1807 661 τί

222 682 345 755 πολλοὺς,
356 680 421 753 ὅλην
437 680 485 757 μίν
495 681 543 753 τλν
557 680 733 762 Βριττανικὴν
741 681 862 757 ’ἔμὸαδὸν
876 684 990 741 ἐπελθεῖν
1037 684 1147 765 άρκτικίι
1160 690 1205 756 τῆς
1215 686 1344 764 Εὐρώπης
1357 687 1456 763 άγνοια.
1466 688 1534 746 Ἀλλ’
1546 689 1636 767 ίκείνιμ
1647 690 1696 763 μὲν
1709 690 1754 748 καί
1764 696 1807 749 Δι·

221 770 380 850 φάσκοντος,
399 766 446 837 τὴν
466 767 493 827 δέ
510 768 663 847 περίμετρον
677 768 801 827 πλειόνων
820 767 839 839 ἢ
860 769 991 848 τεττάρων
1036 772 1155 851 καιάρχιμ
1174 772 1327 849 συγγνώμη,
1349 775 1402 839 τοῖς
1420 773 1458 849 μὴ
1476 776 1608 833 κατιδοῦσι
1630 775 1689 843 τοὺς
1710 776 1806 843 τόπους

222 856 353 935 μυριάδων
365 852 503 920 ἀποδόντος
520 858 566 925 τῆς
583 853 680 931 νάσου,
693 854 942 933 προσιστορήσαντος
963 853 990 911 ti
1036 856 1161 925 ίκείνους·
1174 858 1296 938 Πσλνθίῳ
1307 860 1334 917 δέ
1346 859 1392 917 καὶ
1401 860 1566 937 Ποσειδωνίῳ
1575 860 1613 927 τίς
1622 860 1653 919 θν
1669 862 1805 939 συγγνοίη;

220 944 266 1000 καί
277 944 310 999 τδι
322 943 382 1021 περί
394 945 440 1011 τῆς
450 943 554 1012 Θυύλης
567 944 612 1000 καὶ
621 944 673 999 τῶν
681 941 767 999 τόπων
781 940 894 1010 ἐκείνων,
914 944 941 998 ds
954 932 990 1007 οἷς
1037 941 1114 1001 'iiii
1132 941 1183 1019 μὴν
1204 942 1333 1011 Πολύύιύς
1344 945 1374 1020 γά
1387 946 1480 1003 ἔστινὸ
1493 946 1700 1023 λαοδογματικθς
1719 952 1806 1007 καλῶν

220 1028 280 1088 οὔτε
293 1034 327 1105 γῆ
338 1029 396 1087 καθ’
407 1027 489 1099 αὑτὴν
499 1032 614 1107 ὑπῆρχεν
624 1031 662 1088 ἔτι
669 1029 728 1088 ούτε
737 1028 853 1087 θάλαττα
863 1028 916 1088 οὔτ’
927 1027 989 1107 ἀὴρ,
1035 1030 1187 1111 ἀποράσεις,
1198 1029 1227 1096 tr
1239 1036 1371 1089 ποιοῦνται
1381 1032 1441 1111 περί
1449 1034 1500 1089 τῶν
1513 1034 1538 1089 ἔν
1547 1032 1646 1099 τούτοις
1656 1041 1709 1099 τοῖς
1719 1036 1806 1099 τόποις

221 1115 289 1174 ἀλλὰ
302 1113 435 1193 σύγκριμά
450 1136 476 1171 τι
498 1116 527 1173 ἔκ
540 1115 638 1173 τούτων
654 1115 780 1191 πλεύμονι
793 1115 924 1193 θαλαττίῳ
938 1117 989 1173 ἔοι·
1035 1115 1218 1191 διαστημάτων
1237 1118 1281 1175 καί
1299 1120 1325 1174 ἔν
1344 1116 1431 1182 ἄλλοις
1449 1119 1567 1188 πολλοῖς,
1584 1120 1643 1177 ἀλλ’
1656 1120 1710 1177 ott·
1725 1123 1753 1177 ἐν
1771 1112 1805 1185 οἷς

220 1204 278 1273 κδς,
292 1194 354 1281 ἔνῷ
372 1222 436 1280 φησι
454 1199 501 1271 τλν
515 1204 563 1277 γῆν
577 1200 622 1258 καί
635 1199 682 1271 τὴν
696 1203 826 1259 θάλατταν
840 1202 990 1275 αἰωρεῖσθαι
1038 1201 1148 1268 ίιιείνους
1162 1201 1263 1280 ἐλέγχει
1270 1204 1430 1281 καθαρεύων.
1446 1206 1471 1263 Τ
1471 1208 1501 1261 οῦ
1511 1208 1571 1279 γοῦν
1582 1204 1745 1284 Δικαιάρχου
1756 1230 1805 1281 μιν·

220 1290 265 1346 καί
277 1288 312 1347 τά
325 1288 479 1363 σύμπαντα,
493 1286 538 1345 καί
554 1292 644 1346 witot
657 1291 692 1351 ὡς
706 1287 737 1345 δν
750 1286 844 1363 δεσμὸν
858 1278 923 1345 εἶναι
937 1292 988 1345 τῶν
1035 1286 1102 1365 ρίους
1113 1288 1160 1365 μίν
1173 1289 1286 1355 είπόντος
1299 1291 1357 1355 τοὺς
1369 1290 1411 1347 tsi
1424 1288 1528 1357 Στήλας
1539 1290 1591 1347 άπὸ
1605 1295 1650 1359 τῆς
1668 1294 1802 1351 Πελοπσν·

219 1374 297 1451 ὅλοιν,
313 1374 379 1450 μήτε
392 1374 515 1453 πορευτὸν
530 1372 597 1450 μήτε
606 1374 708 1432 πλωτὸν
720 1373 883 1452 ὑπάρχοντα·
898 1374 928 1433 τδ
941 1372 989 1449 μίν
1033 1374 1112 1443 νήσου
1123 1375 1254 1441 σταδίους,
1267 1376 1370 1442 πλείους
1381 1375 1408 1433 δὲ
1420 1374 1516 1433 τούτων
1530 1374 1587 1441 soii<
1600 1378 1643 1433 tei
1650 1376 1693 1435 τὸν
1704 1378 1805 1457 Ἀδρίαν

220 1453 265 1519 σύν
274 1465 312 1539 τῷ
326 1460 452 1537 πλεύμονι
465 1461 544 1526 ίοικὸς
555 1459 632 1525 αὐτὸς
641 1460 798 1539 ἑωραιείναι,
811 1460 932 1518 τάλλαθί
945 1463 988 1519 λε’-
1027 1457 1112 1537 ,μίχρι
1134 1466 1179 1518 τοῦ
1197 1466 1297 1537 μυχοῦ,
1317 1466 1362 1519 τοῦ
1378 1459 1400 1517 δ’
1418 1460 1461 1517 lsi
1485 1462 1589 1530 Στήλας
1610 1462 1639 1519 τὸ
1661 1463 1742 1542 μέχρι
1762 1471 1804 1521 roi

219 1570 273 1623 γειν
293 1547 318 1615 ἔξ
333 1550 424 1617 ἀκοῆς.
440 1550 535 1606 Ταῦτα
549 1545 597 1623 μὲν
613 1547 647 1605 τά
663 1552 709 1604 τοῦ
726 1545 840 1618 Πυθίου,
858 1548 904 1605 καί
924 1548 988 1605 διότι
1036 1549 1157 1625 Πορθμοῦ
1170 1546 1325 1624 τρισχιλίους
1341 1547 1493 1622 ἀποδόντος,
1504 1551 1538 1612 ὡς
1549 1550 1665 1623 γίνεσθαι
1677 1550 1804 1609 τθλοιπὸν

109 1685 111 1688 .
218 1632 365 1691 ἐπανελθὼν
387 1633 485 1691 ἔνθάνδε
501 1642 589 1690 πᾶσαν
614 1632 716 1691 initio:
730 1630 777 1702 τὴν
796 1641 986 1711 παρωκεανῖτιν
1033 1634 1241 1710 ἑπτακισχιλίους
1249 1634 1278 1690 τὸ
1288 1633 1339 1691 σἰπδ
1348 1637 1469 1713 Πορθμοῦ
1478 1633 1555 1712 μέχρι
1563 1635 1750 1705 lenibo-rom
1758 1638 1804 1711 μίν

215 1724 263 1789 τῆς
278 1718 406 1797 Εὐρώπης
419 1720 472 1777 ἀπὸ
482 1717 613 1797 Γαδείρων
625 1718 672 1785 ίως
684 1719 821 1785 Τανάϊδος.
1032 1718 1190 1797 τρισχιλίους
1198 1722 1242 1776 tm
1250 1740 1336 1798 φησιν,
1347 1717 1393 1776 εἴτ’
1403 1710 1431 1777 εί
1441 1716 1620 1795 λαμθάνονται
1630 1720 1681 1779 είτε
1691 1723 1741 1797 μὴ,
1748 1722 1805 1789 rot<

257 1806 333 1875 Φησὶ
350 1806 373 1863 δ’
386 1795 465 1863 aivi
492 1804 622 1871 Πολύθισς
635 1806 744 1863 άπιστον
759 1806 805 1863 καί
818 1806 881 1863 αὐτὸ
896 1810 987 1877 τοῦτο,
1032 1805 1055 1863 δ’
1066 1806 1276 1883 ἑπτακισχιλίους
1288 1804 1439 1883 οὐδετίρως,
1457 1804 1514 1863 οὐδὲ
1529 1804 1575 1875 πλν
1588 1809 1723 1885 παραλίαν
1733 1811 1806 1883 ἔκαε

221 1894 273 1957 πῶς
287 1890 377 1969 ἰδιώτῃ
396 1891 524 1969 ἀνθρώπῳ
535 1892 580 1949 καί
595 1890 687 1962 πένητι
703 1891 736 1949 τά
748 1898 862 1950 τοσαῦτα
877 1891 986 1961 διαστή·
1032 1898 1142 1969 τροῦντι,
1152 1892 1211 1951 οὔτε
1226 1892 1271 1961 τὴν
1284 1890 1326 1949 διδ
1336 1890 1417 1971 μέσου
1428 1896 1472 1949 τοῦ
1482 1890 1617 1967 πελάγους.
1626 1898 1651 1953 Τ
1652 1893 1683 1964 ὴν
1695 1895 1744 1969 μὲν
1756 1894 1805 1973 γάρ

218 1999 290 2051 ματα
303 1976 394 2033 πλωτὰ
409 1976 454 2033 καί
467 1976 581 2056 πορευτιλ
592 1977 705 2057 γένοιτο·
720 1977 764 2036 τὸν
776 1976 798 2035 δ’
813 1976 986 2055 Ἐρατοσθένη
1033 1978 1164 2056 παραλίαν
1179 1977 1290 2037 ἐοικίναι
1305 1976 1411 2054 μάλιστ’
1427 1976 1540 2056 σίμθλείσρ
1559 1978 1658 2057 γωνία,
1676 1978 1805 2059 βείῖηιιυίρ

218 2062 426 2141 διαπορήσαντα,
441 2066 462 2119 εί
476 2064 528 2143 χρη
542 2064 671 2122 πιστεύειν
685 2064 798 2135 τούτοις,
808 2063 877 2140 ὅμως
888 2064 948 2140 περί
959 2087 986 2121 τε
1032 2064 1075 2123 isi
1087 2087 1114 2122 τε
1123 2070 1168 2122 τοῦ
1178 2068 1301 2142 Πορθμοῦ
1310 2065 1355 2123 καί
1365 2068 1415 2123 τῶν
1424 2066 1543 2136 Στηλῶν,
1553 2066 1666 2144 κορυρίην
1674 2068 1696 2123 δ’
1707 2068 1805 2145 ἐχούσῃ

221 2153 263 2218 τῆς
277 2154 450 2227 Πρεττανικῆς
460 2150 660 2208 πεπιστευκέναι
674 2151 780 2209 καὶτῶν
791 2148 860 2209 κατὰ
874 2149 986 2228 Γάδειρα
1033 2150 1179 2227 Νάρύωνα·
1190 2149 1257 2208 ὥστε
1273 2150 1440 2209 συνίστασθαι
1452 2149 1575 2229 τρίγωνον
1592 2152 1669 2229 βάσιν
1685 2152 1748 2230 ἔχον
1760 2153 1805 2223 τὴν

217 2236 262 2293 καὶ
275 2235 321 2305 τίν
333 2236 463 2315 Ἰὅηρίαν·
477 2236 544 2295 πολὺ
558 2237 586 2295 δι’
602 2260 664 2316 ρησι
678 2238 777 2314 βελτιον
791 2242 828 2317 τῷ
845 2237 987 2317 Μεσσηνίῳ
1032 2237 1074 2295 διὰ
1089 2242 1134 2295 τοῦ
1152 2235 1279 2313 πελάγους
1293 2238 1403 2305 εὐθεῖαν,
1419 2235 1570 2313 πλευρλςδέ
1587 2238 1634 2305 τίς
1651 2239 1697 2309 τὴν
1709 2240 1805 2315 γωνίαν

216 2323 344 2380 πιστεύειν
368 2322 385 2392 ἢ
401 2324 490 2403 τούτῳ.
509 2323 544 2383 ‘0
556 2322 644 2399 μέντοι
657 2348 685 2401 γε
706 2327 742 2389 εἰς
756 2323 817 2399 μίαν
831 2323 921 2403 χώραν
939 2322 986 2393 τὴν
1032 2324 1156 2388 ποιούσας
1171 2323 1217 2393 τὴν
1239 2326 1384 2401 λεχθεῖσαν,
1403 2313 1470 2393 abui,
1488 2322 1535 2400 μίν
1552 2324 1604 2381 άπὸ
1618 2330 1662 2383 τοῦ
1681 2328 1805 2404 Πορθμοῦ

217 2408 358 2487 Παγχαίαν
372 2408 442 2485 λε’γει
454 2412 580 2467 πλεῦσαι·
595 2408 648 2468 6δέ
660 2410 706 2469 καί
724 2410 802 2489 μέχρι
816 2413 867 2467 τῶν
884 2415 927 2467 τοῦ
943 2410 987 2467 κά·
1033 2410 1111 2488 μέχρι
1135 2409 1275 2491 Νάρθωνος
1296 2408 1393 2487 μυρίων
1408 2408 1463 2467 ἔστί
1482 2409 1526 2469 καί
1541 2410 1668 2469 πλειόνων
1685 2410 1702 2481 ἢ
1718 2414 1805 2469 διακο-

217 2518 284 2570 σμου
292 2494 411 2574 περάτων
423 2497 633 2554 κατωπτευκέναι
641 2496 688 2568 τὴν
695 2498 868 2575 προσάρκτιον
876 2501 921 2567 τῆς
933 2499 986 2556 Εὖ·
1033 2496 1095 2554 σίων
1110 2496 1153 2553 tal
1164 2504 1217 2563 τοῖς
1227 2496 1334 2575 χιλίοις,
1347 2492 1401 2566 ἡδέ
1412 2494 1490 2565 λοιπάΙ
1504 2500 1589 2575 μικρῷ
1601 2496 1715 2575 [λοιπὸν]
1732 2500 1806 2555 ἔλατ·

217 2582 304 2659 ρώπης
317 2591 415 2654 πᾶσαν,
425 2583 457 2653 ἢν
472 2584 524 2641 οὐδΙ
540 2582 571 2640 ἂν
583 2586 621 2662 τῷ
635 2582 725 2663 Ἐρμῇ
740 2584 877 2641 πιστεύσαι
894 2607 932 2649 τις
943 2582 985 2640 λέ·
1032 2582 1111 2639 τόνων
1121 2580 1411 2661 ἢόκτακισχιλίων·καί
1423 2582 1475 2658 μὴν
1483 2584 1604 2640 πλεῖστον
1615 2582 1661 2657 μὲν
1671 2584 1805 2659 διάστημα

215 2690 294 2742 γοντι.
304 2668 478 2747 Ἐρατοσθένη
491 2668 517 2725 δέ
532 2669 576 2725 τὸν
589 2667 636 2745 μὲν
647 2669 784 2747 Εὐήμερον
796 2673 921 2746 Βεργιιῖον
934 2693 984 2727 κα·
1032 2668 1083 2725 ἀπὸ
1092 2672 1138 2738 τῆς
1148 2668 1275 2747 Πιρώπης
1285 2670 1327 2727 tsi
1337 2668 1383 2739 τὴν
1391 2669 1493 2741 Διὸύην
1503 2670 1763 2747 ὁμολογεῖσθαικατδ
1777 2671 1806 2726 τὸ

215 2751 279 2828 λεῖν,
296 2753 384 2831 Πυθέα
394 2754 421 2811 δὲ
432 2754 578 2829 πιστεύειν,
593 2754 638 2812 καί
650 2760 732 2813 ταῦτα
747 2754 813 2830 μηδὲ
825 2755 986 2833 Δικαιάρχου
1032 2754 1193 2832 Τυρρηνικὸν
1202 2756 1313 2832 πέλαγος
1323 2755 1435 2813 σταδίων
1443 2758 1472 2813 οὗ
1480 2754 1604 2815 πλειύνοιν
1614 2754 1631 2824 ἢ
1641 2756 1803 2834 τρισχιλίων,

215 2840 407 2907 πιστεύσαντος.
419 2840 459 2900 Τὸ
471 2840 518 2916 μὲν
529 2832 573 2897 σύν
583 2840 648 2916 μηδὲ
657 2841 816 2920 Δικαιάρχου
827 2842 987 2899 πιστεύσαν·
1032 2840 1804 2920 κατδιτθΣαρδώνιονδέλαμὸάνεινσυναγωγάν.ἰθλλ’ἔστω,
1881 2850 1882 2856 ’

214 3005 248 3051 ait
258 3005 440 3065 mirensium,
451 3006 476 3053 iu
483 3019 524 3054 eos
534 3008 615 3055 autem
623 3006 745 3069 inquirere
753 3007 825 3068 velle,
832 3020 847 3054 ο
854 3005 942 3069 quihrrs
950 3006 985 3055 ilii
1030 3007 1167 3055 anarchum
1187 3008 1290 3069 profert,
1307 3008 1375 3069 quasi
1388 3020 1446 3057 vero
1457 3008 1584 3057 conveniat
1592 3019 1647 3055 enm
1663 3007 1741 3056 veluti
1753 3021 1805 3055 nor·

214 3084 270 3129 suut
283 3081 431 3142 reprehensi,
441 3086 469 3131 ut
479 3083 642 3131 Dioaearclrum
651 3088 675 3131 et
687 3082 881 3142 Eratosthenem,
893 3083 935 3143 qui
945 3084 985 3131 ul·
1030 3096 1092 3131 ιιιιιιιι
1110 3084 1192 3145 sequi,
1202 3096 1275 3145 quem
1292 3083 1341 3144 ipse
1352 3083 1464 3145 Polybius
1481 3086 1517 3133 tot
1531 3082 1754 3145 reprehensionibus
1773 3084 1805 3131 iu·

215 3159 287 3205 timus
295 3158 460 3220 geographiam
468 3160 590 3220 tractarit,
599 3163 624 3209 ot
636 3160 760 3221 Pytheam,
768 3160 809 3221 oui
816 3160 899 3208 multis
907 3159 985 3223 impo-
1030 3160 1106 3207 cessit.
1121 3159 1218 3207 Dictum
1227 3160 1352 3208 orientem
1361 3158 1514 3221 quamiuerit
1529 3159 1698 3207 Eratosthenes
1710 3158 1806 3219 ignens

214 3234 288 3282 suerit
300 3253 307 3282 ι
319 3234 384 3282 hune
401 3236 464 3283 enim
475 3235 611 3297 perhibere,
624 3238 699 3285 totam
717 3235 815 3297 quidem
832 3236 981 3285 Britanniam
1029 3233 1182 3282 occiduorum
1192 3236 1217 3283 et
1225 3234 1445 3295 septentrionalium
1464 3238 1568 3296 Europes
1580 3235 1692 3295 partium.
1714 3237 1805 3283 verum

214 3309 497 3373 pedihusseperagrasse,
506 3313 802 3363 ambitumautemiusulee
813 3314 986 3375 majoremesse
1030 3310 1085 3359 huic
1098 3311 1193 3373 quidem
1206 3314 1230 3360 et
1243 3311 1383 3360 Dicaearcho
1392 3300 1470 3359 danda
1486 3312 1522 3359 est
1535 3311 1620 3371 renio,
1636 3311 1679 3373 qui
1690 3310 1745 3359 lora
1760 3311 1806 3359 ista

214 3386 371 3448 qrtadragiuia
384 3388 516 3437 mediorum
530 3389 636 3438 millibus
646 3410 652 3438 ;
662 3391 716 3439 tum
725 3388 756 3439 de
768 3389 846 3439 Thule
858 3390 941 3439 etisiis
951 3390 985 3439 io·
1030 3400 1077 3435 non
1088 3387 1258 3448 inspexerunt:
1274 3386 1315 3435 sed
1326 3386 1423 3447 Polybio
1433 3390 1458 3435 et
1474 3384 1602 3435 Poddonio
1613 3386 1668 3447 quis
1682 3386 1806 3447 ignoscat?

214 3463 249 3511 eis
261 3463 294 3511 ita
310 3476 420 3524 narrare,
433 3477 510 3525 neque
523 3468 612 3515 terram
621 3466 654 3514 ibi
670 3479 741 3528 porro
756 3478 818 3526 esse,
832 3478 910 3527 neque
919 3478 986 3515 mare
1015 3462 1101 3525 'stqm
1110 3462 1130 3511 is
1138 3466 1173 3511 est
1184 3461 1310 3523 Polybius,
1320 3463 1362 3524 qui
1370 3460 1461 3523 qiraede
1469 3460 1557 3509 horum
1566 3460 1675 3509 looorum
1685 3460 1807 3511 <leuntiis

217 3552 295 3599 nequa
305 3551 386 3589 aerem
400 3553 455 3601 qum
468 3542 562 3603 proprie
573 3544 701 3603 vocantur,
719 3541 762 3591 sed
772 3541 894 3603 quippiam
906 3555 938 3590 ει
949 3541 986 3589 bis
1029 3540 1053 3587 et
1066 3538 1118 3587 aliis
1130 3538 1210 3587 multis
1228 3538 1262 3587 ilii
1278 3539 1415 3601 proterunt,
1427 3550 1442 3585 a
1453 3536 1524 3599 vulgo
1538 3540 1666 3598 conceptas
1679 3538 1807 3599 opiniones

214 3617 367 3677 concretum,
381 3616 500 3677 pulmonis
511 3616 597 3667 marini
608 3617 792 3679 simile,iuqoo
807 3618 873 3666 terra
884 3619 910 3667 et
919 3630 986 3665 mare
1029 3613 1433 3677 reconquumneinhisquidern,
1446 3614 1628 3675 inquibusiilos
1642 3615 1804 3675 reprehendit,
1879 3618 1880 3628 ¹

213 3694 287 3751 atoue
299 3692 409 3742 ninivem
424 3694 535 3743 sublimia
545 3694 677 3757 pendeant,
691 3695 786 3756 hooquo
795 3707 846 3743 esse
857 3695 925 3756 quasi
934 3695 986 3743 viu·
1029 3691 1087 3741 ultio
1094 3694 1180 3742 careat.
1192 3697 1271 3751 Quum
1281 3692 1345 3741 euim
1355 3691 1530 3741 Dismarcbusa
1540 3691 1703 3753 Peloponneso
1712 3691 1743 3739 ad
1756 3696 1805 3741 Co·

214 3770 296 3817 culum
306 3771 425 3834 universi,
441 3785 519 3834 neque
526 3773 625 3835 pedihus
635 3785 770 3834 asomum,
780 3786 858 3834 neque
868 3772 984 3833 narihns3
1028 3771 1124 3819 lumuas
1140 3770 1215 3820 stadia
1234 3774 1344 3820 uummet
1357 3770 1435 3819 decies
1450 3770 1529 3829 mille,
1542 3770 1579 3818 his
1593 3770 1663 3831 plura
1678 3782 1757 3831 usque
1772 3770 1804 3817 ad

213 3848 985 3912 aepulmoulssimileilludseipsumvidlsse3oeteraauditoper·
1029 3846 1139 3895 iniurium
1156 3846 1269 3897 Adriatici
1280 3847 1346 3896 smus
1364 3849 1532 3905 recessunr,et
1544 3844 1591 3895 iria
1607 3844 1680 3893 millia
1700 3846 1805 3907 ammonet

214 3927 282 3984 oepta
290 3926 386 3975 reterre.
398 3928 455 3974 Ηωσ
464 3928 579 3987 Pythesm
593 3925 767 3988 diceremque
774 3924 875 3986 addere,
885 3924 939 3974 iude
949 3938 985 3974 re-
1028 3923 1153 3972 luterrulio
1162 3922 1228 3985 quod
1237 3924 1363 3985 porrigitur
1376 3936 1458 3971 sersus
1467 3922 1599 3971 Columnas
1614 3934 1689 3982 tuque
1698 3922 1731 3970 ad
1746 3924 1804 3971 Pre-
1878 3918 1879 3979 ζ

213 4012 309 4047 versum
321 4001 438 4062 quidquid
449 4006 550 4064 Europa)
564 4004 686 4064 regionum
695 4005 731 4052 est
741 4002 772 4050 ad
782 4007 906 4052 oceanum
920 4014 984 4063 pera·
1029 4003 1095 4058 tum,
1105 4002 1132 4049 ut
1140 3999 1198 4048 nant
1212 3999 1242 4048 de
1250 4001 1330 4049 cetero
1339 4012 1352 4048 n
1362 4002 1432 4048 Preto
1442 4010 1516 4059 usque
1525 3996 1557 4046 ad
1567 3998 1697 4046 columnas
1710 3998 1804 4046 stadio-
1878 3994 1879 4011 ί

213 4090 304 4136 grasse,
314 4091 328 4124 a
337 4078 444 4127 Gadibus
455 4078 486 4127 ad
495 4080 586 4129 Tanain
595 4092 678 4142 usque.
1030 4090 1084 4124 runi
1090 4077 1180 4137 septem
1189 4075 1263 4126 millia
1274 4074 1400 4137 :Polybius
1409 4075 1456 4134 sit,
1466 4074 1496 4123 de
1508 4073 1584 4122 tritius
1593 4073 1699 4122 millibus
1712 4086 1739 4122 se
1754 4088 1804 4122 uon

245 4154 357 4215 Polybius
367 4160 448 4205 autem
461 4157 485 4205 id
495 4171 591 4219 quoque
600 4156 738 4207 incredibile
748 4158 781 4205 alt
793 4169 855 4218 esse,
865 4156 984 4217 priuatum
1029 4151 1162 4213 disputare,
1175 4164 1261 4202 verene
1272 4165 1303 4200 su
1313 4152 1371 4200 falso
1378 4152 1507 4213 ponantur,
1518 4148 1559 4197 sed
1569 4148 1614 4197 ida
1625 4155 1716 4211 septem
1728 4150 1805 4197 millia

214 4230 349 4292 homiuem,
361 4246 464 4295 mleque
484 4247 625 4296 pauperem,
640 4236 735 4282 nutum
752 4233 822 4293 spatii
835 4233 893 4280 mari
912 4235 983 4281 lorra-
1029 4226 1237 4289 nequemaritlmae
1249 4240 1298 4275 orae
1306 4238 1436 4285 mensure,
1447 4238 1524 4285 neque
1533 4236 1574 4285 per
1586 4223 1693 4272 mulium
1704 4224 1805 4286 pelagus

214 4320 260 4366 que
269 4308 379 4358 obivisse.
390 4311 569 4360 Eratosthenem
582 4314 663 4361 autern
681 4312 831 4360 dubitantem
844 4310 912 4359 lrisue
923 4312 985 4359 esset
1028 4306 1107 4355 dur-,tm
1122 4306 1190 4355 linem
1205 4304 1354 4368 respondere.
1371 4306 1429 4355 Nam
1442 4316 1509 4351 oraru
1525 4303 1669 4353 maritimam
1691 4316 1742 4351 esse
1758 4318 1805 4366 ap-
1877 4318 1878 4331 ³

214 4382 272 4432 tides
281 4384 427 4446 adhihenda,
437 4388 518 4436 tarum
528 4401 584 4449 qum
595 4388 626 4436 de.
639 4388 774 4445 itriiauuia,
789 4387 894 4437 Gadibus
909 4389 934 4435 et
946 4386 986 4435 ili·
1029 4383 1103 4445 prlrue
1111 4382 1211 4431 similem
1218 4382 1304 4445 ungulo
1313 4382 1408 4439 obtuso,
1422 4382 1492 4429 Preto
1502 4382 1525 4428 et
1534 4380 1658 4429 columis
1670 4378 1801 4441 insistenti,

213 4462 332 4521 spaniaah
341 4476 371 4512 eo
381 4463 492 4514 dicuntur
502 4466 628 4515 credidisse
645 4486 651 4514 ι
662 4466 738 4514 multo
749 4468 828 4514 autem
838 4465 930 4526 (inquit
939 4468 985 4513 Po·
1029 4460 1095 4521 cujus
1104 4463 1187 4509 vertex
1195 4460 1226 4509 sit
1234 4459 1312 4508 limbo
1323 4479 1328 4507 z
1338 4458 1370 4506 ita
1380 4460 1406 4505 ut
1413 4459 1572 4506 constituatur
1579 4457 1721 4518 triangulus,
1731 4458 1805 4517 euius

214 4538 308 4600 lyhius)
324 4543 454 4601 prestabat
477 4544 591 4594 Messenio
607 4544 717 4604 eredere,
733 4557 807 4604 quam
819 4543 923 4605 Pytheae.
942 4543 985 4592 tite
1028 4536 1091 4584 basis
1099 4537 1129 4585 sit
1139 4539 1202 4584 recta
1213 4534 1273 4583 linea
1285 4548 1327 4596 per
1337 4535 1413 4582 altum
1426 4532 1498 4583 dueta
1508 4546 1587 4593 mure,
1596 4533 1670 4581 latera
1683 4536 1765 4581 autem
1775 4534 1807 4582 iis

213 4616 277 4665 euim
285 4622 458 4669 tantumnuam
467 4622 491 4670 in
501 4623 618 4683 regium
629 4623 769 4671 Peucboeum
779 4621 933 4682 enavigasse
941 4620 984 4680 ali,
1030 4614 1096 4663 lineis
1107 4613 1250 4672 efficiantur,
1259 4626 1315 4674 quae
1323 4612 1415 4661 dietum
1423 4611 1548 4660 includunt
1558 4612 1682 4672 angulum,
1696 4622 1805 4671 quornm

215 4690 254 4740 bio
274 4686 481 4756 septeuirioualem
498 4700 765 4760 Europamuuirersam
788 4711 863 4759 usque
880 4697 985 4745 adlisos
1029 4696 1241 4757 quodaFretoest
1258 4692 1392 4743 Narbonem
1406 4706 1495 4754 usque,
1510 4692 1584 4741 simlia
1602 4690 1675 4739 hahet
1688 4689 1807 4739 nudemus·
1876 4678 1877 4717 ί

214 4770 298 4818 mundi
311 4771 466 4831 perlustrasse
476 4773 547 4836 dicit,
564 4775 629 4835 qrrod
647 4788 678 4823 ne
693 4775 812 4824 ilereurio
832 4773 928 4835 quidem
946 4772 984 4821 dl·
1029 4771 1095 4819 miile
1107 4760 1210 4819 distenta
1221 4772 1245 4819 et
1260 4770 1378 4831 amplius,
1388 4770 1489 4817 alierum
1505 4769 1586 4830 paullo
1599 4767 1679 4817 miuus
1690 4768 1724 4815 est
1744 4772 1807 4814 orio

214 4847 277 4894 eeuti
298 4848 414 4899 crederes.
438 4850 535 4899 inierim
554 4852 745 4911 Eratosthenem,
762 4850 805 4911 qui
823 4850 984 4899 Euhemerum
1030 4849 1161 4899 stadiorum
1169 4847 1273 4897 millibus
1288 4846 1503 4907 zaolougissimmu
1513 4845 1609 4908 quidem
1626 4843 1762 4903 storopa
1773 4843 1807 4889 ad

216 4924 339 4986 Βαμευιυ
348 4926 464 4988 appellet,
481 4928 577 4987 Python
588 4927 776 4987 crederemque
790 4927 984 4975 lioenebieoear·
1029 4925 1132 4975 Atridam
1144 4924 1295 4973 intervallum
1311 4923 1443 4973 seeundum
1459 4936 1525 4971 ruare
1543 4921 1692 4982 Tyrrhenum
1707 4917 1729 4965 iu
1743 4931 1809 4967 con·

214 5002 261 5049 olto
270 5003 367 5063 quidem
378 5003 498 5053 medente.
511 5003 538 5053 id
552 5004 648 5064 uiridem
661 5004 789 5053 ridiculum
800 5005 849 5063 est,
864 5003 929 5065 qarod
943 5003 984 5053 iii·
1030 5004 1088 5051 tesso
1103 5000 1182 5049 haberi
1197 5012 1243 5049 uon
1262 5000 1362 5061 amplius
1374 5012 1423 5049 esse
1436 5000 1471 5047 lor
1483 4996 1647 5055 millestadiis,
1659 4994 1735 5045 miuus
1751 4996 1810 5043 lieri
1875 5004 1876 5033 1
