3834 5767
801 350 1050 410 FRAGMENTA.

123 481 180 534 sita
201 480 228 534 ci
250 481 437 552 suppetiissct.
459 483 497 533 hc
517 481 579 534 talia
601 482 724 534 retulisse
743 483 906 554 Cratippum
1327 521 1342 574 3

123 567 264 638 equidem
279 569 398 622 libenter
411 561 565 623 crederem.
579 571 616 622 At
625 569 710 634 hanc,
725 587 808 640 quam
822 569 907 623 verba
1345 561 1353 577 ⁴

123 651 255 726 flagitare
279 653 422 722 ridentur,
438 657 695 727 interpretationem
720 655 834 724 rejicere
856 673 906 709 co·
992 653 1145 706 Marcellin.
1168 654 1223 708 vit.
1248 655 1337 710 Thac.
1361 656 1379 730 S
1402 656 1458 721 46:
1474 657 1509 714 Oi
1526 654 1573 730 μὲν
1587 648 1630 714 οὖν
1647 658 1724 717 αὐτὸν

121 749 194 810 gunt
223 757 291 810 quae
311 739 499 810 subjiciuntur
529 759 535 792 :
559 741 703 794 orationes
722 740 905 812 Thucydidis,
952 739 1006 793 ἐκεῖ
1018 735 1134 813 λέγουσιν
1149 739 1287 795 ἀποθανεῖν
1301 737 1361 796 ἔνθα
1375 740 1419 796 καὶ
1435 740 1545 813 διέτριόε
1561 742 1725 821 ρυγθιςῶν...

123 825 265 898 Cratippo
281 825 393 897 judice,
404 825 555 880 lectoribus
573 826 701 880 molestas
713 844 787 896 esse,
802 829 908 900 ipsum·
952 815 1065 886 Δίδυμος
1080 814 1101 870 δ’
1118 815 1144 870 ἓν
1162 813 1278 885 'dirime
1290 817 1342 874 οἷπο
1360 823 1408 888 τῆς
1424 822 1506 897 φυγῆς
1521 821 1627 878 ἐλθόντα
1650 824 1727 904 βιαίῳ

122 929 178 982 qne
188 913 377 980 historicum,
393 912 494 967 eodem
513 913 786 984 Cratippoauctore,
800 913 829 966 id
843 931 906 984 per·
951 900 1067 979 salisp-
1082 906 1157 958 τοῦτο
1180 901 1207 958 δέ
1229 926 1293 982 φηον
1309 903 1434 983 Zdnupor
1455 908 1573 983 ἱονοροῖν·
1598 907 1657 975 τοὺς
1676 911 1727 990 γὰρ

123 997 908 1072 σρσιίεοοίἀεοιγιιοίπροοῑεειιιολίλιιοπαΙθαεεκλιίλιιιίαςο
952 987 1099 1056 Ἀθηναίους
1121 987 1229 1046 κάθοδον
1243 991 1382 1048 &imiimi
1398 996 1451 1057 τοῖς
1465 993 1563 1073 φυγάσι
1584 993 1653 1066 πλὴν
1674 1002 1726 1055 τῶν

121 1085 284 1138 orationes.
297 1086 397 1156 Itaque
410 1085 496 1140 verba
509 1104 516 1137 ι
532 1073 568 1138 ὧν
586 1080 771 1160 προνοούμενος
783 1095 835 1138 etc.
852 1083 908 1138 hoc
952 1076 1174 1153 Πεισιστρατιδῶν
1185 1075 1251 1151 μετὰ
1259 1071 1394 1148 τηνῆτταν
1403 1077 1450 1148 ι-λν
1458 1081 1485 1137 ἐν
1495 1080 1618 1160 Σικελία·
1628 1081 1726 1152 ἥκοντα

122 1171 172 1222 sibi
188 1171 315 1240 volunt,
331 1183 476 1226 auctorem
497 1173 647 1226 conciones
662 1181 690 1224 et
704 1170 845 1242 colloquia
859 1189 908 1223 ce·
951 1153 995 1218 oia
1012 1161 1088 1218 αὐτὸν
1104 1163 1241 1220 ἀποθανεῖν
1259 1163 1319 1241 βίᾳ,
1340 1165 1384 1222 καὶ
1398 1170 1503 1236 τεθῆναι
1521 1170 1547 1224 ἕν
1562 1171 1614 1234 τοῖς
1631 1173 1728 1244 Κιμω-

123 1266 255 1310 tenorum
284 1275 401 1329 quoque
418 1255 557 1310 librorum
575 1256 669 1314 delere
694 1257 828 1323 voluisse,
850 1273 908 1327 quo
951 1246 1027 1313 νείοις
1041 1248 1184 1324 μνήμασιν.
1202 1249 1255 1308 Kal
1265 1250 1468 1327 καταγινώσκειν
1481 1253 1599 1323 εὐήθειαν
1612 1254 1661 1335 ἔρη
1675 1260 1727 1314 τῶν

120 1343 226 1396 scilicet
240 1362 321 1416 opus
335 1361 415 1398 suam
426 1342 589 1397 absolveret.
612 1341 666 1396 Sed
683 1343 745 1413 quis
758 1343 830 1395 hanc
842 1359 908 1394 sen·
951 1333 1105 1411 νομιζόντων
1120 1335 1197 1393 αὐτὸν
1218 1335 1289 1402 ἐκτὸς
1302 1339 1349 1413 μὲν
1370 1340 1596 1411 τετελευτηκέναι,
1616 1342 1659 1400 ἐπὶ
1678 1348 1726 1422 γῆς

122 1430 237 1482 tentiam
266 1431 313 1486 his
326 1431 420 1484 verbis
436 1427 549 1484 efferat?
564 1428 762 1484 Confusioncm
775 1429 820 1482 hic
840 1429 908 1482 mihi
952 1420 980 1478 δὲ
990 1427 1037 1492 τῆς
1053 1421 1175 1492 Ἀττικῆς
1188 1423 1326 1503 τεθάφθαι·
1341 1422 1423 1505 ἢ-γλιρ
1437 1426 1483 1482 ούκ
1500 1424 1531 1482 ἂν
1545 1425 1618 1498 ἐτέθη
1636 1431 1662 1486 ἐν
1675 1438 1728 1495 τοῖς

123 1513 218 1570 videre
232 1517 352 1586 videor,
364 1534 427 1588 quae
438 1516 482 1569 vel
502 1517 560 1570 sola
580 1526 640 1586 qu'ae
659 1515 757 1569 rhetor
769 1515 853 1570 tradit
868 1533 909 1568 su·
952 1506 1082 1588 πατρῴοις
1096 1508 1245 1584 μνήμασιν,
1260 1508 1277 1580 ἢ
1297 1509 1408 1581 κλέόδην
1428 1509 1508 1578 τεθεὶς
1526 1515 1571 1570 οὐκ
1591 1511 1621 1570 iu
1635 1514 1727 1593 ἔτυχεν

122 1613 214 1672 specta
229 1602 331 1657 faciat.
348 1605 407 1657 Nec
424 1619 526 1656 vereor
539 1620 574 1656 ne
594 1602 655 1673 quis
675 1601 727 1655 sibi
740 1601 908 1674 persuadere
952 1593 1011 1653 οὔτε
1026 1593 1121 1665 σπη’λης
1132 1594 1190 1652 οὔτε
1202 1596 1414 1674 ἐπιγράμματος,
1430 1597 1447 1668 ἣ
1464 1602 1501 1677 τῷ
1513 1599 1588 1680 πόρῳ
1604 1623 1727 1678 προσκει-

122 1690 265 1762 patiatur,
281 1706 379 1742 revera
395 1687 589 1760 Thucydidem
605 1686 640 1741 de
660 1687 834 1741 orationibus
855 1689 909 1740 suis
953 1680 1018 1757 με’νη
1039 1686 1084 1740 τοῦ
1107 1684 1275 1761 συγγραφέως
1297 1683 1390 1760 μηνύει
1410 1683 1537 1761 τοῦνομα·
1559 1687 1627 1744 ἀλλὰ
1649 1690 1728 1759 δῆλον

122 1773 255 1829 delendis
273 1776 421 1848 cogitasse,
435 1791 523 1846 quum
542 1771 662 1840 veteres,
680 1773 776 1845 quoad
793 1774 909 1846 quidem
952 1766 992 1824 ότι
1010 1768 1117 1835 κάθοδος
1136 1768 1210 1841 ἐδόθη
1229 1778 1283 1836 τοῖς
1302 1771 1456 1850 ρεύγουσιν,
1476 1775 1511 1838 ὡς
1523 1774 1570 1830 καλ
1583 1775 1729 1854 Φιλόχορος

123 1860 258 1914 libertate
285 1859 463 1927 fruebantur,
486 1859 534 1914 has
552 1859 587 1913 ab
609 1859 732 1914 historiis
750 1860 843 1914 abesse
863 1859 908 1913 vix
951 1853 1021 1930 λέγει
1048 1857 1092 1913 καλ
1118 1855 1267 1935 Δημήτριος
1293 1859 1321 1914 ἐν
1348 1861 1401 1923 τοῖς
1429 1855 1587 1936 Ἀρχοοσιν.Ι
1605 1859 1676 1936 Ἰἰγὼ
1702 1861 1729 1919 δὲ

124 1947 265 2001 tulissent.
280 1951 322 2002 Ac
335 1947 431 2019 siquis
441 1947 540 2013 nimia,
554 1963 637 2019 quam
651 1946 779 2018 plerique
792 1945 827 2000 de
839 1946 908 1999 Dio·
953 1939 1080 2020 Ζώπυρον
1103 1942 1191 2022 ληρεῖν
1216 1942 1312 2020 νομίζω
1335 1942 1444 2020 λέγοντα
1468 1950 1559 2003 τοῦτον
1584 1947 1611 2002 ἐν
1634 1946 1728 2028 Θρᾴκῃ

124 2035 201 2104 nysio
215 2034 345 2102 habeut,
364 2034 500 2107 opinione
517 2032 632 2101 ductus,
647 2033 723 2086 hunc
739 2050 798 2086 uon
811 2031 908 2087 falsum
951 2029 1195 2102 τετετλευτηκέναι,
1219 2027 1268 2086 κᾶν
1294 2027 1428 2100 ἀληθεύειν
1450 2029 1535 2110 νομθζι
1572 2031 1728 2111 Κράτιππος
1765 2066 1767 2069 -

124 2137 178 2174 esse
189 2119 368 2189 contendat,
383 2120 433 2175 scd
442 2121 471 2173 in
480 2120 614 2192 Cratippo
624 2138 685 2192 quae
699 2119 784 2173 refert
796 2120 908 2194 legisse,
953 2114 1041 2173 αὐτόν.
1585 2109 1588 2116 ’

124 2207 296 2280 Cratippum
316 2225 369 2280 ego
391 2225 458 2262 vera
479 2207 635 2280 prodidisse
654 2223 756 2278 negare
778 2204 906 2260 audeam.
992 2203 1068 2262 hierli
1082 2202 1128 2272 chr
1141 2193 1223 2273 ἧτταν
1235 2201 1283 2273 τλν
1294 2205 1321 2262 ir
1334 2201 1463 2282 Σικελίᾳ]
1478 2205 1619 2262 Alcibiadi
1633 2218 1662 2262 et
1670 2209 1730 2262 aliis

125 2294 176 2348 Sed
190 2296 247 2366 qui
259 2313 325 2366 quae
335 2294 371 2348 de
384 2295 520 2366 Dionysio
533 2293 608 2348 dicta
620 2303 685 2347 sunt
696 2293 707 2365 i
712 2311 742 2365 p.
760 2291 816 2347 255
831 2293 906 2368 sqq.)
952 2293 1095 2347 nonnullis
1107 2292 1236 2347 exulibus
1248 2292 1357 2356 reditus
1365 2293 1515 2365 permissus
1524 2304 1564 2347 est
1577 2295 1621 2351 Ol.
1633 2313 1682 2366 92,
1698 2315 1728 2363 ις

126 2381 344 2447 animadvertit,
360 2399 425 2434 eum
438 2379 520 2450 hujus
539 2398 665 2434 errorem
676 2379 787 2433 subesse
797 2397 909 2433 mecum
952 2397 978 2434 a.
1000 2380 1031 2436 C.
1055 2386 1111 2445 412
1132 2378 1274 2454 (Thucyd.
1288 2381 1368 2449 Vlll,
1382 2379 1447 2456 97).
1463 2379 1518 2434 Sed
1529 2381 1584 2434 hoc
1599 2381 1634 2435 ad
1646 2383 1730 2435 Thu-

126 2468 356 2522 eaistimaturum
369 2467 502 2521 arbitror.
526 2490 537 2515 ι
562 2464 622 2542 (cf.
634 2466 716 2520 Idem
730 2467 761 2519 in
771 2467 909 2530 ¹Unterrn-
952 2464 1083 2538 cydidem
1095 2467 1165 2520 nihil
1174 2469 1307 2539 pertinet.
1322 2469 1362 2521 Ut
1375 2466 1412 2521 ad
1425 2485 1525 2520 verum
1536 2485 1580 2521 res
1591 2468 1727 2535 trahatur,

126 2553 259 2626 clttmgm
273 2555 394 2609 ueberd.
414 2553 480 2607 Leb.
491 2554 520 2606 d.
536 2553 658 2624 Thucyd.
670 2571 699 2626 p.
715 2551 767 2622 67,
781 2571 816 2621 77
830 2553 905 2629 sqq.)
951 2553 1068 2626 intelligi
1079 2553 1164 2608 debet
1175 2549 1392 2626 ἄμνηστείαροσι
1405 2553 1515 2608 cladem
1526 2553 1563 2608 ad
1576 2555 1662 2627 AEgos
1674 2573 1728 2627 po·

127 2641 197 2696 Sane
209 2640 331 2714 quidem
342 2641 466 2712 ineptam
477 2657 533 2694 esse
544 2639 669 2712 Cratippi
684 2640 848 2694 sententiam
860 2640 907 2693 lu·
951 2650 1057 2694 tamum
1077 2650 1161 2712 atque
1181 2657 1282 2712 pacem
1302 2658 1367 2694 cum
1385 2639 1606 2696 lacedaemoniis
1627 2641 1729 2697 saetam

127 2727 290 2782 beatissime
314 2727 435 2802 largior3
459 2743 544 2798 quam
567 2725 714 2798 quomodo
737 2726 772 2782 ab
792 2736 908 2781 auctore
951 2745 1090 2785 concessa.
1104 2728 1203 2798 Neque
1216 2737 1310 2781 umen
1321 2737 1393 2799 puto
1406 2745 1467 2781 rem
1481 2728 1651 2785 notissimam
1662 2747 1727 2782 cnm

132 2813 304 2884 Thucydidis
328 2833 418 2870 cooero
437 2813 593 2886 prolectam
612 2831 668 2868 esse
686 2815 833 2886 Dionysius
852 2833 907 2886 pro
950 2812 1004 2867 alia
1018 2813 1182 2868 obscuriore
1196 2813 1340 2867 confusam
1354 2830 1411 2867 esse
1424 2830 1432 2866 ι
1447 2813 1506 2868 imo
1519 2816 1617 2868 statuit
1628 2817 1724 2888 Zopy-

128 2919 173 2956 τινα
188 2899 226 2956 in'
235 2903 282 2956 his
293 2903 379 2958 rebus
392 2902 504 2958 levitate
519 2901 613 2956 dicere
622 2902 835 2974 potuerit,non
848 2903 905 2955 mi·
951 2917 998 2954 rus
1020 2911 1113 2954 morte
1139 2899 1307 2973 impeditum
1329 2899 1525 2972 Thucydidem
1552 2919 1624 2974 opus
1647 2921 1727 2956 suum

128 3007 192 3058 νοις
208 3007 312 3043 reram
328 3006 423 3044 sensus
434 2989 490 3042 loci
511 2989 632 3060 appositi
642 2988 688 3042 hic
705 3005 762 3042 esse
773 2987 841 3040 mihi
861 2987 906 3038 vi·
952 3005 1012 3041 noa
1030 2987 1192 3057 absolvisse3
1205 2987 1261 3042 hoc
1275 3003 1346 3041 vero·
1363 3006 1450 3059 quum
1464 3005 1554 3060 usque
1573 2988 1609 3043 ad
1624 3007 1728 3043 aunum

129 3075 212 3131 detur
228 3097 236 3130 τ
251 3076 339 3147 Quod
352 3077 382 3130 in
396 3077 487 3149 prima
504 3073 630 3132 Historiae
643 3086 723 3148 parte
738 3073 908 3129 tractationis
952 3073 1006 3128 311
1023 3093 1049 3128 a.
1065 3075 1096 3130 C.
1111 3074 1280 3142 deductum,
1295 3072 1473 3146 Thucydides
1486 3085 1578 3129 autem
1592 3075 1622 3128 in
1634 3075 1728 3130 reditu

128 3180 214 3232 genus
228 3161 411 3235 Thucydides
425 3161 606 3230 adhibuerat,
627 3161 656 3216 id
670 3163 700 3215 in
715 3171 814 3215 octavo
832 3159 906 3214 libro
951 3162 1059 3215 occisus
1076 3163 1125 3228 sit,
1140 3159 1278 3216 redeundi
1292 3160 1453 3216 facultatem
1464 3161 1490 3215 ei
1505 3159 1598 3216 datam
1610 3180 1667 3216 esse
1679 3163 1728 3217 de·

129 3267 243 3320 prorsus
257 3250 391 3321 reliquit,
405 3260 434 3304 et
447 3258 524 3304 certo
539 3248 655 3322 quidem
669 3248 802 3314 consilio,
819 3265 906 3318 quum
951 3259 1029 3302 creto
1041 3249 1107 3302 anni
1125 3253 1192 3312 ητα.

130 3339 274 3392 orationes
293 3347 322 3392 et
343 3353 440 3390 rerum
462 3337 630 3409 expositioni
652 3334 855 3408 impedimento
880 3345 908 3387 et
991 3331 1036 3390 Ἐν
1050 3331 1163 3412 Θρᾴκῃ]
1177 3334 1203 3388 ἐν
1213 3331 1318 3410 Ἀττικῇ
1329 3335 1429 3408 reponi
1440 3336 1648 3407 voluntl’oppo
1658 3337 1728 3389 Pro-

130 3424 259 3478 molestas
282 3419 436 3478 lectoribus
466 3441 522 3478 esse
548 3423 726 3476 existimaret.
752 3422 814 3474 Jam
838 3439 906 3474 vero
950 3423 1066 3495 leggp.
1080 3413 1166 3490 31,et
1175 3423 1306 3477 Ambros.
1316 3425 1349 3477 F.
1363 3422 1461 3478 Didot.
1476 3421 1615 3494 (Thucyd.
1626 3433 1693 3479 tom.
1703 3427 1727 3493 l,

130 3529 199 3582 opus
205 3509 495 3565 exstititmtdtil‘orme
504 3510 748 3564 etinconcinuum.
758 3506 842 3576 Quod
850 3525 907 3560 sen·
950 3528 981 3580 p.
991 3509 1311 3580 CXXXVll,probante
1319 3511 1451 3580 Kriigero
1464 3506 1545 3580 (leb.
1554 3509 1584 3560 d.
1601 3507 1726 3580 Thruyd.

130 3597 198 3651 tiens
207 3607 311 3650 auctor
322 3583 372 3668 (ὧν
383 3590 567 3672 προνοούμενος
579 3592 651 3668 κτλ.)
664 3594 702 3647 ob
715 3592 744 3647 id
756 3593 846 3664 ipsum
855 3593 907 3644 im·
950 3613 981 3666 p.
999 3593 1066 3666 56);
1081 3596 1217 3651 Goellerus
1227 3595 1295 3650 alius
1306 3595 1429 3648 auctoris
1442 3611 1547 3647 nomen
1560 3595 1590 3646 in
1604 3590 1727 3670 Ζώπυρος

129 3685 284 3754 perlectam
300 3684 446 3738 historiam
468 3682 624 3753 reliquisse,
639 3681 657 3735 i.
674 3699 699 3738 e.
721 3697 780 3733 non
794 3679 909 3734 alterius
952 3691 1118 3754 corruptum
1131 3700 1187 3736 esse
1201 3683 1311 3747 statuit;
1331 3681 1410 3752 quod
1427 3680 1491 3751 jure
1504 3683 1612 3752 respuit
1625 3683 1726 3755 Poppo

129 3771 297 3842 produxisse
317 3771 439 3825 videtur.
456 3767 552 3826 -De
570 3767 734 3839 Thucydide
754 3767 835 3839 operi
857 3784 907 3820 suo
952 3769 981 3820 in
991 3767 1145 3822 Addendis.
1159 3769 1287 3824 Grauert.
1304 3768 1358 3840 leg.
1372 3778 1465 3822 censet
1477 3767 1510 3822 οὐ
1528 3764 1647 3838 λέγοντα.
1666 3771 1727 3822 Lo-

130 3859 285 3912 immortuo
298 3857 446 3930 Cratippus
457 3874 516 3909 nou
534 3856 622 3928 magis
641 3855 805 3927 cogitaverit
823 3871 907 3924 quam
952 3871 1017 3908 cram
1034 3854 1174 3926 quendam
1191 3856 1289 3908 Atticae
1305 3854 1347 3928 (v.
1365 3872 1390 3907 c.
1404 3852 1431 3908 ἓν
1445 3854 1570 3928 Θορικῷ)
1584 3872 1727 3908 rhemoru-

130 3947 186 4016 ipse
200 3945 368 4018 Dionysias,
383 3944 432 4016 qui
446 3943 555 3998 crimini
572 3943 597 3995 ei
607 3943 690 3995 vertit
709 3938 788 4012 quod
801 3958 860 3994 nou
872 3939 908 3994 ad
949 3951 1013 3994 tum
1026 3959 1082 3995 esse
1096 3943 1251 4012 suspicetur
1264 3942 1342 3994 alius.
1357 3939 1411 3994 Sed
1424 3940 1459 3994 de
1473 3941 1515 3993 his
1527 3957 1563 3993 ue
1573 3941 1726 4012 litigemus;

130 4030 213 4086 linem
239 4049 331 4104 usque
355 4031 424 4086 belli
448 4029 675 4102 Peloponnesiaci
706 4045 740 4082 ex
761 4027 908 4099 proposito
952 4046 1014 4098 qaae
1027 4029 1161 4082 sententia
1175 4045 1232 4082 esse
1241 4027 1355 4096 debeat,
1368 4027 1420 4080 nisi
1433 4026 1727 4100 plurafortasseexci·

131 4119 276 4173 historiam
292 4117 453 4174 deduxerit.
952 4114 1071 4182 derant,
1083 4115 1113 4168 in
1123 4115 1277 4187 propatulo
1292 4125 1341 4168 est.

131 4283 263 4341 utrumque
281 4279 387 4328 instituti
398 4281 422 4328 el
435 4279 525 4328 consilii
540 4291 591 4328 esse
602 4290 681 4340 neque
695 4275 795 4326 eandem
812 4275 909 4338 utrique
953 4289 1049 4325 versiam
1058 4276 1162 4325 violenta
1172 4275 1561 4325 mortesublalumetincimoniis
1568 4278 1728 4325 monumentis

131 4357 178 4404 rhu
192 4359 280 4406 mesae.
295 4357 444 4417 Altereuim,
455 4369 531 4418 quum
543 4367 629 4418 paoem
636 4354 766 4404 admodum
776 4367 820 4402 uec
829 4352 907 4415 magni
952 4353 1085 4416 sepultum,
1096 4356 1154 4416 quin
1172 4355 1244 4404 etiarn
1254 4356 1288 4402 ult
1303 4354 1399 4403 illorum
1414 4353 1590 4415 simplicitatem
1607 4367 1623 4402 a
1635 4357 1728 4417 Zopyro

132 4437 244 4485 nsnnmti
265 4449 303 4484 res
323 4435 458 4496 contineat,
474 4434 623 4484 orationibus
645 4433 765 4492 abundat,
788 4433 812 4480 in
832 4433 907 4480 altero
952 4430 1117 4493 derideri,qui
1128 4431 1291 4493 thucydidem
1303 4443 1399 4492 peregre
1411 4430 1509 4492 quidem
1522 4430 1729 4491 abiisse,hthenis

132 4513 212 4562 multis
220 4511 363 4574 mamisqne
373 4511 446 4562 relius
454 4512 554 4572 referto,
573 4523 659 4573 magna
671 4511 707 4559 est
718 4508 860 4558 concionum
874 4509 908 4557 tn·
952 4521 1009 4556 vero
1018 4507 1138 4569 sepultum
1148 4509 1220 4556 halese
1228 4510 1313 4569 potent
1324 4527 1330 4555 :
1341 4509 1394 4555 tum
1408 4507 1471 4555 enim
1483 4506 1508 4554 in
1523 4508 1623 4568 patemo
1639 4521 1727 4556 monu-

132 4592 273 4656 tfflqufflffl,
951 4586 1033 4632 meato
1046 4586 1089 4633 aut
1102 4597 1151 4632 aon
1164 4585 1246 4633 luisset
1262 4584 1368 4645 positus,
1382 4585 1425 4631 aut
1441 4584 1504 4632 clam
1522 4583 1613 4644 [esitus
1628 4596 1672 4632 nec
1685 4597 1729 4632 co·

509 4665 535 4713 3.
951 4661 1060 4708 lumnam
1080 4660 1180 4722 adeptus
1197 4663 1270 4722 suet,
1293 4672 1371 4721 neque
1394 4658 1570 4720 inscriptionem
1591 4680 1598 4709 :
1618 4662 1644 4707 at
1663 4662 1727 4709 enim

159 4745 273 4796 Nonnulli
283 4743 316 4794 ibi
323 4743 488 4806 Thucydidem
500 4745 585 4793 obiisse
594 4743 688 4803 dicum,
699 4741 741 4790 ubi
752 4743 825 4790 etiam
833 4741 908 4789 vitam
951 4734 1065 4783 columna
1073 4735 1146 4796 ipsius
1154 4736 1264 4797 sepulcro
1273 4735 1384 4796 imposito
1395 4746 1483 4784 nomen
1494 4735 1616 4797 scriptoris
1625 4727 1725 4784 indicat.

132 4825 184 4872 canl
193 4823 325 4885 degebat...
340 4823 371 4871 nt
382 4821 497 4882 Didymus
508 4834 564 4869 eum
573 4820 605 4868 ab
616 4820 687 4869 exilio
698 4831 820 4868 reversum
832 4821 909 4866 morte
951 4813 1110 4863 veromillud
1119 4815 1225 4873 mactat,
1235 4813 1346 4862 exulibus
1354 4813 1379 4861 in
1389 4812 1491 4874 patriam
1501 4813 1613 4862 redeundi
1623 4815 1727 4874 potesta-

133 4902 233 4950 violenta
245 4898 348 4950 Athenis
364 4898 450 4946 obiisse
466 4897 551 4958 tradit;
564 4899 610 4946 hoc
622 4899 703 4944 autem
717 4909 731 4945 a
744 4899 837 4957 Zopyro
857 4907 908 4942 me·
952 4893 1001 4940 tem
1015 4890 1086 4938 luisse
1097 4891 1198 4950 iactam,
1210 4893 1239 4938 nt
1247 4892 1273 4939 et
1279 4890 1435 4939 Philochorus
1447 4891 1547 4938 testatur
1557 4890 1582 4938 et
1593 4890 1728 4938 Demetrius

133 4979 210 5028 mone
219 4977 345 5039 prodltum
355 4973 421 5024 mett.
437 4975 590 5023 htlrcuienses
599 4973 662 5022 enim
672 4974 725 5034 post
734 4971 826 5020 cladem
836 4971 861 5018 in
870 4971 908 5020 si·
952 4969 1081 5018 Phalereus
1089 4968 1114 5015 in
1123 4969 1184 5016 libro
1192 4972 1228 5018 De
1237 4966 1392 5016 archontibus
1402 4965 1593 5016 Atheniensibus.
1611 4969 1660 5026 Ego
1668 4977 1725 5014 reio

133 5057 182 5104 cilia
193 5041 318 5117 seraptim
329 5053 443 5102 omnibus
454 5052 578 5112 caulibus,
588 5051 693 5112 exceptis
705 5049 870 5109 Pisistratidis,
884 5049 908 5097 in
952 5050 1071 5106 Zopyrum
1081 5046 1164 5106 ntrgari
1180 5047 1251 5106 puto,
1270 5045 1311 5106 qui
1322 5043 1486 5105 Thucydidem
1504 5041 1571 5105 [uon]
1588 5041 1612 5089 in
1625 5041 1726 5090 Tluucia

134 5134 229 5192 patriam
246 5129 365 5182 τινΙειιιιιλί
384 5130 524 5190 potestatem
542 5118 687 5190 [κατανεύσω
698 5127 762 5175 lianc
775 5127 855 5174 antem
870 5137 909 5173 rc·
952 5123 1108 5172 obiisscdicat
1120 5143 1125 5170 :
1137 5123 1391 5185 licctcratippuseum
1401 5120 1572 5169 vereloculum
1584 5120 1687 5167 censeat.
