3834 5767
175 361 230 414 tlili
823 347 980 407 Pusula
1000 345 1121 406 suasit

170 483 184 538 δ
205 476 357 553 Φιλόξενος,
383 477 421 536 ότι
450 475 554 555 γράφων
580 475 626 545 τήν
655 476 798 535 Γαλάτειαν
825 473 943 552 βούλοιτό
989 472 1065 550 φησί,
1084 472 1129 528 τὸν
1152 470 1276 552 Κρέοντος
1292 471 1338 547 μέν
1360 473 1425 547 υἱὸν,
1445 473 1536 533 Σκόπα
1551 473 1579 533 δέ
1592 482 1637 535 τοῦ
1650 480 1764 536 παλαιοῦ

169 589 227 624 τινα
243 565 304 643 παρ’
323 563 421 634 ἐκείνης
435 567 486 620 τῶν
508 561 575 619 κατδι
596 563 685 640 Νηρέα
706 561 842 619 πυθέσθαι·
855 561 901 630 τήν
916 559 943 618 δέ
988 560 1087 630 ῦῖδοῦν,
1108 559 1296 637 φιλοποτοῦντα
1318 559 1481 636 διατελέσαι,
1504 561 1550 618 καί
1572 561 1619 631 τήν
1639 562 1765 621 ἐπάνοδον

170 650 341 730 ἠρωτημένην
352 648 551 729 ἀποκεκρίσθαι,
562 647 624 705 διότι
635 647 746 726 νεωτέρα
759 647 846 718 ἁλοίη·
857 647 895 705 διό
906 648 943 724 μὴ
988 645 1034 714 τῆν
1053 644 1105 702 άπδ
1121 647 1172 702 τῶν
1186 643 1337 718 συμποσίων
1352 651 1481 703 ποιεῖσθαι
1503 645 1548 703 ε’πλ
1568 647 1656 725 θρόνου
1680 651 1764 718 καθή-

170 737 383 817 παρακολουθεῖν·
406 735 453 804 τήν
477 734 504 792 δέ
531 738 569 813 τῷ
592 735 718 814 Διονυσίῳ
743 739 941 814 παρατεθεῖσαν,
989 752 1077 805 μενον,
1093 730 1137 787 καί
1151 729 1202 788 θπθ
1215 729 1347 810 τεσσάρων
1366 731 1566 809 βασταζόμενον,
1580 732 1763 801 οθτωςοίκαδε

150 817 347 903 ’πρεσόυτέραν
369 813 456 894 οθσαν,
473 821 567 879 εἰδέναι
586 821 670 879 πάντα
690 821 808 900 σαφῶςθ
825 821 943 893 βούλεται
988 815 1102 876 ἀπιέναι.

170 914 270 985 μαθεῖν.
285 913 309 969 Τ
311 908 339 966 θν
351 899 537 968 οθνΔιονύσιον
549 907 696 986 γελάσαντα
708 908 860 966 ἀποστεῖλαι
873 908 942 986 αὐτῷ
1353 922 1396 976 ,6,

169 995 215 1066 τήν
228 995 333 1074 τρίγλαν
346 995 394 1066 τῆν
407 994 600 1074 παρακειμένην
613 996 693 1072 αὐτῷ.
709 993 853 1070 Συνεμέθυε
867 992 943 1072 δὲτῷ
1152 1062 1157 1073 Ι
1463 1057 1471 1077 t
1587 1061 1593 1080 Ι
1677 1061 1684 1079 t

171 1082 304 1162 Φιλοξένῳ
317 1083 399 1150 ἡδέως
417 1087 431 1139 ό
446 1081 587 1144 Διονύσιος.
606 1079 683 1140 Ἐπεί
703 1079 729 1138 δέ
749 1081 797 1149 τήν
811 1079 942 1158 ἐρωμένην
1015 1060 1192 1166 „pmfmst‘j
1200 1061 1278 1116 Εῑθῑ·
1289 1079 1338 1130 ⁰=7
1353 1057 1450 1164 ²f¹²lss
1474 1061 1665 1168 'JJWQW
1685 1061 1762 1168 ¹5²2·

169 1168 343 1228 Γαλάτειανέ
363 1169 452 1247 ωράθη
467 1167 629 1248 διαφθείρων,
646 1169 680 1232 εἷς
693 1165 739 1233 τθς
752 1168 877 1242 λατομίας
891 1169 942 1224 ένε-
989 1167 1026 1222 W
1040 1145 1172 1252 Ῥαῖῑαῖθ
1192 1142 1306 1222 Elim·
1321 1179 1359 1188 “
1376 1143 1501 1250 ,Μῖθ
1525 1147 1606 1222 'mil
1630 1149 1768 1256 [stinkil.

169 1255 265 1328 ύλήθη·
282 1259 308 1314 ἐν
322 1192 362 1322 alt
372 1259 452 1314 ποιῶν
468 1254 512 1313 τὸν
528 1254 662 1315 Κύκλωπα
677 1253 798 1326 συνέθηκε
809 1253 852 1310 τὸν
865 1257 943 1326 μῦθον
986 1230 1361 1338 κξέδθέ,οῑ“θθθθ”τθν,ὂέῑνι
1386 1224 1760 1340 Ῑῖπαθῑνοέθέαὒτῳθνθμαν

169 1343 203 1407 εἰς
217 1341 246 1401 rit
262 1341 319 1421 περί
338 1341 414 1400 αὑτὸν
433 1341 567 1418 γενόμενον
582 1340 678 1414 πάθος,
691 1340 734 1398 τὸν
750 1337 796 1414 μέν
811 1337 942 1400 Διονύσιον
986 1339 1038 1422 “2''
1049 1339 1118 1376 Μ’)
1127 1316 1256 1425 ξθκέμξένε
1273 1316 1402 1423 Ᾱνῖῑλέων
1411 1323 1527 1426 ηθῆσθθ
1540 1315 1661 1424 δέ,ποῃέ
1671 1342 1760 1429 ganza}

170 1428 307 1487 Κύκλωπα
317 1429 537 1505 ὑποστησάμενος,
545 1427 593 1500 τήν
603 1429 625 1485 δ’
634 1427 776 1507 αὐλητρίδα
787 1426 941 1498 Γαλάτειαν,
987 1426 1099 1480 W
1112 1405 1216 1510 ,θυδαμθ
1239 1405 1344 1470 δυνατοί
1362 1397 1394 1475 θ*
1407 1405 1684 1508 αυῑονκέθμωασθαῑε
1703 1429 1764 1512 “l’‘

170 1514 260 1572 ἑαυτὸν
273 1516 294 1572 δ’
310 1514 446 1574 Ὀδυσσέα.
465 1521 529 1574 Haec
539 1519 622 1573 etiam
635 1517 672 1572 ad
683 1519 771 1572 libros
781 1513 846 1592 Περί
863 1537 941 1585 ποιη-
987 1489 1014 1548 δέ
1035 1513 1166 1567 Υυμνασῑα
1189 1490 1346 1570 δῑατθέὅθντῑ
1366 1488 1452 1548 πολλὰ
1471 1513 1510 1568 “t'
1530 1491 1605 1548 παιδὶ
1626 1512 1763 1569 πθωθυῑέ(

169 1603 220 1656 τῶν
234 1602 341 1660 παίοιτο
354 1604 428 1659 licet.

200 1765 404 1826 'arsamum
423 1766 630 1826 ἈΝΑΙΡΕΣΙΣ
651 1767 699 1826 ΕΚ
721 1766 915 1826 Tiberina.

538 1930 581 1988 rt.

209 2069 289 2124 Idem
304 2071 360 2138 111,
375 2088 405 2142 p.
422 2088 473 2143 90,
489 2072 511 2125 E
524 2087 531 2127 ε
548 2069 713 2139 Σωληνισταλ
731 2071 754 2126 δ’
767 2071 905 2128 ἐκαλοῦντο
919 2073 941 2128 ol

169 2152 319 2229 συνάγοντες
339 2153 372 2210 τά
386 2153 479 2232 ὄστρεα
501 2159 584 2213 ταῦτα
597 2155 641 2235 (sc.
661 2155 719 2223 τοὺς
742 2159 886 2234 σωλῆνας),
907 2160 942 2224 ὡς

169 2240 266 2319 ἱστορεῖ
278 2239 381 2306 Φανίας
401 2243 414 2297 θ
435 2240 552 2319 Ἐρέσιος
570 2245 596 2300 έν
616 2247 653 2321 τῷ
674 2243 871 2322 ἐπιγραφομένῳ
886 2245 940 2303 Τυ-

170 2323 267 2403 ράννων
282 2325 411 2405 ἀναίρεσις
430 2328 459 2384 ἐκ
471 2325 613 2406 τιμωρίας,
627 2328 731 2408 γράφων
745 2328 838 2396 οθτως·
855 2359 866 2382 ι
887 2333 940 2389 Φι·

168 2411 279 2484 λόξενος,
291 2417 304 2471 θ
318 2413 475 2490 καλούμενος
489 2413 663 2490 σωληνιστὴς,
678 2417 707 2472 ἐκ
721 2417 877 2494 δημαγωγοῦ
892 2417 941 2475 τύ-

169 2521 258 2576 ραννος
271 2499 396 2578 ἀνεφάνη,
410 2503 459 2568 ζῶν
475 2499 504 2558 τὸ
520 2501 567 2576 μέν
586 2499 611 2567 ἐξ
627 2504 884 2581 άρχῆς·ἇλιευο’μενος
896 2503 941 2562 καί

169 2587 353 2665 σωληνοθήρας
367 2583 411 2660 ὢν,
426 2589 544 2666 ἀφορμῆς
558 2585 585 2645 δέ
601 2587 743 2664 λαόόμενος
757 2591 802 2648 καί
814 2595 940 2670 ἐμπορευ-

167 2671 277 2749 σάμενος
293 2671 346 2752 βίον
362 2672 499 2743 ἐκτήσατο.
514 2701 526 2725 ν

533 2811 577 2868 15.

208 2948 287 3008 idem
294 2954 332 3022 X,
342 2970 372 3024 p.
386 2951 482 3021 438,C
493 2972 499 3006 ι
512 2949 670 3016 (bustelli
680 2949 795 3028 Ἐρέσιος
805 2954 877 3032 ἐντῷ
890 2955 943 3010 ἐπι-

167 3035 322 3115 γραφομένῳ
340 3035 480 3115 Τυράννων
501 3037 630 3116 ἀναίρεσις
644 3041 673 3095 ἐκ
687 3039 812 3148 τιμωγνὲας
834 3041 942 3099 Σκόπαν

167 3201 247 3252 minus
254 3201 473 3262 intelligerezillum
480 3205 560 3252 aulem
569 3203 611 3266 qul
619 3204 732 3266 Dionysio
739 3207 940 3268 appositusessel,

168 3280 196 3329 ut
204 3276 368 3339 grandiorem,
378 3281 488 3328 accumtc
500 3279 581 3328 omnia
590 3281 663 3340 scire,
673 3293 728 3341 qum
737 3282 786 3342 ipse
800 3295 941 3342 cognoscere

167 3353 248 3401 uellet.
266 3353 352 3402 Risisse
367 3353 398 3402 ad
410 3368 439 3403 ea
449 3357 502 3404 turn
520 3355 671 3417 Dionysium,
688 3357 758 3418 eique
772 3357 873 3406 mullum
882 3395 889 3418 ,
899 3359 940 3420 qui

169 3443 242 3492 penes
261 3432 339 3494 ipsum
355 3436 407 3482 erat
425 3434 527 3495 positus,
546 3435 644 3484 misisse.
662 3436 772 3485 Libenter
787 3439 868 3486 autern
885 3451 940 3486 curn

167 3507 299 3557 Philoxeno
311 3510 377 3570 potui
392 3509 529 3570 indulgebat
541 3511 673 3572 Dionysius.
685 3513 776 3565 verum
787 3515 814 3561 ut
823 3513 854 3561 ab
863 3527 892 3562 eo
905 3515 940 3562 ul·

168 3584 251 3632 liatam
267 3586 383 3647 comperit
397 3586 520 3634 Galateam
533 3588 647 3636 amasiam
664 3602 746 3650 suam,
759 3590 785 3638 iu
802 3590 940 3651 lapicidinas

168 3673 224 3708 eum
234 3660 334 3721 conjecit
345 3681 351 3710 ι
362 3661 403 3710 ubi
414 3661 542 3724 cyclopem
553 3663 657 3712 tabulam
666 3665 771 3715 scribens
783 3666 938 3728 Philoxenus,

168 3735 198 3786 ad
209 3749 279 3784 suum
289 3749 371 3786 casum
380 3737 570 3791 accommodarit
578 3743 760 3802 arprmentum,
771 3743 884 3804 Dionysio
896 3747 939 3805 cy·

168 3815 243 3877 clopis
263 3814 371 3865 tribuens
389 3818 480 3878 partes,
498 3817 601 3868 tibicinis
613 3821 691 3882 partes
708 3821 828 3884 Galatea,
847 3823 940 3884 sibique

83 3909 87 3919 ·
167 3891 257 3952 Ulyssis
269 3904 365 3940 sumens
380 3905 515 3954 personam.

194 3998 466 4060 TYRANNORUM
490 4001 622 4062 CAEDES
644 4005 692 4063 EX
714 4005 908 4065 VlNDlCTd.

197 4202 244 4261 Qui
256 4202 307 4252 boc
320 4205 397 4254 οετεεε
411 4204 578 4270 (εοΙοιιοεετ.)
590 4207 745 4270 colligebant,
756 4210 878 4260 Solenislae
894 4225 938 4259 vo·

166 4279 290 4338 cabantur,
307 4281 336 4328 ul
349 4281 451 4330 Phanias
462 4281 556 4331 tiresias
571 4283 595 4333 iu
610 4285 669 4334 libro
680 4286 721 4347 qui
736 4286 872 4336 inscribitur
887 4291 937 4349 Ty-

166 4368 294 4408 rannomm
304 4355 380 4406 cedes
387 4371 418 4405 ex
426 4356 531 4407 vindicta
537 4395 545 4420 ,
556 4359 597 4407 ubi
604 4360 638 4409 sic
647 4361 729 4411 scribit
740 4383 745 4412 ι
758 4363 938 4424 «Philoxenus,

166 4431 305 4493 cognomine
323 4433 452 4493 solenisla,
465 4446 496 4482 ex
515 4434 646 4498 demagogo
662 4440 778 4498 tyrannus
798 4440 874 4489 sactus
893 4445 936 4493 est.

165 4511 188 4559 ls
207 4507 275 4556 initio
286 4508 397 4558 victitans
413 4510 504 4571 piscatu
522 4512 547 4561 et
564 4513 673 4562 solanum
691 4515 809 4576 precipue
823 4520 937 4581 captura,

166 4587 292 4646 postquam
314 4587 423 4646 pecuniae
440 4589 547 4639 nonnihil
565 4595 710 4653 commeat,
725 4595 867 4646 mercaturae
878 4597 938 4647 dans

166 4675 264 4724 operam
276 4665 408 4715 luculentas
419 4666 526 4718 fortunas
535 4671 691 4731 compararit.
706 4691 717 4712 ν

529 4751 572 4802 ta.

199 4827 300 4876 orama
315 4829 407 4880 aterius
420 4831 442 4880 in
457 4831 518 4882 libro
530 4834 570 4882 cui
583 4835 667 4884 titulus
677 4839 843 4897 tyrannorum
860 4842 937 4890 cedes

167 4918 198 4952 ex
216 4905 333 4967 vindicta,
350 4910 451 4970 scopam
470 4911 517 4970 ait,
538 4914 645 4962 Creontis
665 4915 754 4974 lulium,
769 4919 856 4967 vetusti
875 4921 937 4970 illius

165 4985 249 5042 διάηται
266 4986 393 5046 nepotem,
412 4989 487 5038 toturn
505 4990 581 5038 vitam
597 4991 701 5053 potando
718 4993 864 5056 badurisse,
882 4999 906 5046 el
924 5011 938 5046 e

166 5063 381 5122 compotationibus
391 5067 454 5116 baud
464 5068 513 5118 lere
520 5069 587 5120 aliter
595 5070 692 5119 dorrmm
703 5072 777 5123 redire
787 5076 938 5126 consuevisse

987 1575 1055 1656 ἔφη,
1069 1581 1189 1636 τοσοῦτον
1210 1577 1289 1635 αὐτοῦ
1303 1577 1381 1636 πόθον
1401 1577 1483 1655 ἔχειν,
1502 1575 1570 1634 ὥστε
1588 1578 1674 1633 πάντα
1685 1577 1763 1636 πόνον

987 1665 1143 1740 ἀνατλῆναι,
1157 1663 1203 1722 κοιλ
1217 1663 1233 1721 ό
1248 1687 1274 1722 τι
1288 1663 1319 1721 δν
1338 1664 1440 1723 κελεύοι
1453 1663 1561 1738 μηδενὸς
1577 1665 1653 1720 αὐτὸν
1670 1663 1760 1741 ἆμαρ-

986 1749 1119 1820 τήσεσθαι.
1144 1749 1177 1811 Ὁ
1201 1749 1229 1808 δέ
1256 1750 1308 1829 άρα
1333 1749 1580 1829 κατειρωνευόμενος
1603 1748 1762 1826 προσέταξεν

987 1839 1071 1916 αὐτῷ,
1081 1837 1134 1894 άπό
1144 1859 1212 1903 τινος
1221 1839 1329 1916 ἐρυμνοῦ
1339 1837 1450 1916 χωρίου,
1459 1836 1474 1895 δ
1486 1836 1601 1913 μάλιστα
1612 1838 1761 1916 ἐφρουρεῖτο

986 1923 1037 1982 ὑπό
1047 1945 1092 1982 του
1101 1927 1153 1982 τῶν
1167 1922 1358 2003 Ἡρακλεωτῶν
1373 1924 1517 2000 τυράννου,
1529 1921 1573 1980 τὸν
1589 1921 1698 1980 κώδωνα
1706 1947 1757 1982 κα·

986 2009 1142 2085 τακομίσαι,
1168 2009 1317 2087 πειθόμενος
1340 2010 1378 2087 μὴ
1403 2010 1434 2068 ἄν
1459 2032 1522 2068 ποτε
1536 2008 1658 2068 τελέσειν
1682 2011 1762 2068 αὐτὸν

986 2094 1057 2154 τόνδε
1071 2094 1115 2153 τὸν
1127 2087 1214 2154 άθλον.
1228 2095 1361 2156 Ἀντιλέων
1367 2096 1399 2175 δέ
1409 2096 1495 2176 κρύφα
1505 2096 1535 2154 τθ
1548 2096 1668 2177 φρούριον
1681 2099 1761 2156 ῦπελ·

987 2179 1037 2239 θὼν
1051 2182 1096 2240 καί
1107 2181 1225 2264 λοχήσας
1233 2182 1276 2241 τὸν
1286 2181 1390 2262 φύλακα
1404 2188 1450 2240 τοῦ
1463 2183 1582 2247 κώδωνος
1595 2181 1762 2254 κατακαίνεε,

986 2268 1030 2326 καλ
1046 2269 1134 2338 ἐπειδὴ
1146 2269 1252 2348 ἀφίκετο
1265 2269 1328 2348 πρὸς
1338 2268 1367 2327 τὸ
1381 2269 1531 2345 μειράκιον,
1543 2267 1695 2334 ἐπιτελέσας
1712 2269 1760 2339 τήν

986 2354 1143 2433 ὑπόσχεσιν,
1166 2358 1192 2413 έν
1218 2358 1303 2434 πολλῆΙ
1325 2359 1395 2434 αὐτῷ
1419 2355 1504 2432 εὐνοία
1526 2353 1643 2432 ἐγένετο,
1665 2355 1710 2412 καὶ
1732 2357 1762 2413 ἐκ

985 2441 1059 2497 τοῦδε
1073 2439 1188 2516 μάλιστα
1202 2442 1330 2511 ἀλλήλους
1342 2441 1457 2522 ἐφίλουν,
1473 2441 1551 2500 Ἐπεί
1566 2440 1593 2499 δέ
1607 2446 1621 2499 ὁ
1639 2441 1762 2520 τύραννος

985 2530 1031 2595 τῆς
1042 2523 1111 2604 ὥρας
1121 2527 1239 2605 ἐγλίχετο
1252 2533 1296 2585 τοῦ
1308 2527 1399 2594 παιδδς
1411 2529 1456 2585 καί
1470 2517 1521 2593 οἷός
1533 2551 1562 2584 τε
1577 2519 1609 2599 ῆν
1623 2529 1701 2585 αὐτὸν
1715 2528 1761 2607 βίῳ

986 2612 1107 2690 ἄγεσθαι,
1122 2614 1353 2693 δυσανασχετήσας
1365 2617 1379 2670 ὁ
1391 2613 1525 2672 Ἀντιλέων
1539 2613 1631 2693 ἐκείνῳ
1646 2612 1692 2689 μὲν
1706 2637 1761 2671 πα·

988 2700 1158 2777 ρεκελεύσατο
1180 2700 1218 2776 μή
1242 2702 1383 2778 ἀντιλέγειν
1399 2700 1573 2777 κινδυνεύειν,
1589 2702 1665 2766 αὐτὸς
1681 2701 1709 2757 δέ
1723 2696 1760 2759 υί-

987 2791 1060 2844 κοθεν
1072 2784 1170 2853 ἐξιόντα
1183 2787 1226 2844 τὸν
1250 2786 1373 2864 τύραννον
1389 2784 1564 2865 προσδραμὼν
1583 2788 1695 2844 ἀνεῖλεν·
1714 2786 1759 2844 καί

986 2877 1062 2930 τοῦτο
1075 2872 1172 2951 δράσας
1186 2872 1274 2951 δρόμῳ
1287 2871 1340 2930 lero
1350 2872 1396 2930 καί
1414 2871 1529 2949 διέφυγεν
1546 2871 1591 2942 δν,
1605 2873 1628 2929 ελ
1643 2871 1680 2947 μὴ
1693 2894 1759 2951 προ-

987 2957 1075 3022 θάτοις
1097 2956 1289 3033 συνδεδεμένοις
1310 2956 1466 3036 άμφιπεσὼν
1487 2956 1621 3036 ἐχειρώθη.
1643 2957 1691 3017 dd
1715 2962 1760 3028 τῆς

986 3043 1085 3108 πόλεως
1097 3047 1132 3109 είς
1142 3047 1269 3122 τάρχαῖον
1279 3044 1513 3116 άποκαταστάοης,
1525 3045 1678 3124 ἀμφοτέροις
1686 3045 1759 3125 παρέ

982 3208 1027 3256 nisi
1039 3208 1063 3257 in
1078 3209 1138 3258 solio
1146 3210 1281 3271 sedenten,
1298 3210 1363 3272 quod
1378 3223 1393 3259 a
1406 3214 1521 3273 quattuor
1532 3211 1670 3261 bominibus
1681 3213 1758 3274 gala·

1009 3288 1056 3334 tor.

983 3299 1010 3335 w
1349 3373 1390 3422 16.

1015 3461 1050 3506 De
1059 3460 1188 3521 llipparino
1198 3460 1302 3509 narratio
1313 3460 1409 3510 ananie
1417 3462 1500 3511 Eresii.
1512 3464 1540 3510 ln
1550 3461 1664 3511 Heraclea
1674 3463 1757 3511 italica

982 3535 1138 3585 excutientem
1151 3536 1227 3585 torma
1239 3549 1355 3598 puerum,
1371 3538 1528 3599 Hipparinum
1544 3540 1654 3598 nomine,
1666 3539 1755 3588 celebri

984 3611 1073 3663 lmrllia
1089 3618 1183 3674 ortum,
1203 3616 1312 3665 tntilron
1330 3617 1439 3676 enuntiat,
1453 3619 1494 3678 qui
1514 3617 1591 3666 mulla
1607 3618 1757 3668 machinatus

983 3691 1129 3742 nullomodo
1138 3696 1231 3755 poterat
1239 3707 1293 3743 eum
1303 3695 1348 3744 sibl
1356 3695 1488 3744 conciliare.
1498 3696 1568 3744 circa
1576 3697 1697 3756 gymnasia
1711 3710 1755 3762 au·v

982 3769 1032 3818 tent
1045 3771 1148 3820 versanti
1165 3773 1323 3834 utplurimum
1340 3787 1414 3836 puero
1429 3786 1455 3822 se
1470 3773 1666 3834 accommodans,
1689 3776 1757 3824 tanto

983 3845 1035 3905 eius
1049 3846 1166 3896 desiderio
1177 3861 1203 3897 se
1221 3850 1297 3897 teneri
1312 3849 1455 3908 attinuerit,
1471 3853 1498 3898 ut
1509 3849 1643 3910 ejusgratia
1659 3864 1755 3900 omnem

983 3922 1088 3971 laborem
1103 3923 1183 3971 subire
1193 3925 1265 3985 velit,
1277 3928 1302 3974 et
1315 3926 1431 3987 quidquid
1441 3925 1540 3986 jubeat,
1556 3927 1580 3974 in
1594 3925 1661 3974 nulla
1672 3940 1699 3975 re
1716 3928 1755 3975 de·

982 3999 1098 4061 linquere.
1110 4003 1174 4049 Puer
1181 4015 1237 4064 ergo
1247 4015 1290 4063 per
1300 4002 1430 4051 ludibrium
1440 4003 1563 4052 mandarit
1574 4005 1612 4063 ei,
1625 4007 1653 4052 ut
1661 4017 1693 4052 ex
1703 4019 1755 4054 mu-

981 4077 1032 4125 nito
1045 4078 1150 4139 quodam
1160 4080 1226 4138 loco,
1238 4079 1280 4140 qui
1292 4093 1376 4140 magna
1391 4080 1498 4130 custodia
1508 4081 1538 4129 ab
1554 4082 1671 4130 archelao
1683 4085 1755 4131 lirra-

982 4153 1112 4203 clcotamm
1132 4159 1234 4216 tyranno
1252 4157 1402 4218 servabatur,
1421 4157 1582 4206 tintinnabula
1599 4159 1753 4218 deturbaret,

981 4230 1084 4280 wolrsus
1091 4245 1214 4293 nunquam
1225 4233 1302 4294 ipsum
1310 4233 1357 4281 boc
1365 4235 1488 4282 certamen
1503 4233 1673 4295 perlectorum.
1685 4237 1754 4284 anti-

981 4305 1035 4354 leon
1047 4311 1127 4356 autem
1138 4309 1233 4357 occulte
1246 4309 1526 4372 praesidiumaggressus,
1536 4323 1565 4359 ex
1577 4311 1668 4360 insidiis
1677 4315 1754 4361 custo

981 4383 1036 4433 dem
1050 4386 1204 4435 tintinnabuli
1221 4387 1322 4446 occidit,
1341 4391 1415 4450 atque
1427 4387 1483 4436 lude
1498 4387 1528 4436 ad
1548 4388 1754 4438 adolescentulum

980 4465 1090 4511 conlecto
1103 4476 1174 4524 opere
1188 4477 1297 4514 reversus
1308 4465 1332 4513 in
1346 4479 1431 4528 magna
1439 4465 1503 4528 spud
1518 4480 1574 4516 eum
1586 4468 1754 4518 benevolentia

980 4540 1036 4601 luit,
1043 4543 1067 4588 et
1076 4541 1107 4590 ab
1113 4541 1158 4590 troc
1165 4544 1273 4604 ternpore
1280 4556 1347 4591 amor
1354 4544 1416 4592 inter
1422 4557 1463 4592 eos
1473 4543 1628 4594 uehementer
1636 4547 1752 4595 excrevit.

980 4616 1071 4665 Accidit
1082 4619 1163 4666 aulem
1170 4620 1199 4666 ut
1209 4619 1336 4680 aliquando
1345 4623 1461 4681 tyrannus
1471 4633 1572 4681 puerum
1581 4621 1611 4670 de
1619 4625 1702 4683 slupm
1711 4624 1755 4672 sol·

980 4692 1082 4742 licitaret
1091 4713 1097 4741 :
1105 4697 1147 4755 qui
1156 4707 1232 4756 quum
1242 4698 1327 4757 potem
1336 4699 1397 4744 esset
1404 4698 1441 4744 rel
1451 4697 1475 4744 ri
1485 4709 1569 4758 eogere
1576 4734 1582 4757 ,
1590 4698 1755 4748 molestissime

980 4783 1031 4817 rem
1041 4770 1097 4818 tulit
1106 4771 1230 4833 Antileon,
1241 4775 1314 4834 atque
1328 4771 1396 4820 illurn
1408 4773 1504 4835 quidem
1517 4776 1613 4836 propter
1622 4775 1754 4835 periculum

979 4847 1104 4895 vitandum
1110 4847 1243 4905 admonuit,
1249 4850 1277 4897 ul
1284 4849 1342 4897 nibil
1351 4850 1533 4910 mnlradiccrel3
1542 4851 1591 4912 lpse
1598 4851 1754 4900 reroedomo

979 4923 1107 4972 exeuntem
1134 4927 1263 4985 tyrannum
1286 4925 1400 4974 invadens
1417 4925 1513 4975 occidit.
1534 4929 1589 4983 Quo
1605 4930 1752 4989 perpetrato,

979 4999 1298 5062 cursuabiit3etaulugissct
1305 5014 1374 5062 sane,
1383 5002 1522 5051 nisiinores
1528 5003 1649 5062 colligatas
1656 5003 1752 5052 obuiam

979 5077 1024 5130 sibi
1036 5077 1111 5127 iactas
1120 5079 1225 5130 incidens
1234 5082 1318 5141 captus
1329 5081 1417 5130 lrrbsel.
1435 5085 1515 5141 Quare
1524 5082 1621 5133 civitate
1634 5081 1660 5130 in
1671 5083 1751 5153 pristi-
