3834 5767
523 349 965 552 cerrenus
1019 348 1391 486 niceno,

792 678 1167 713 ψ

195 874 323 949 Phlegon
332 874 412 947 (Mir.
422 873 471 947 32)
482 891 517 927 ex
526 874 641 929 Cratero
650 874 785 948 Antigoni
794 873 937 948 (sonate)

154 962 230 1035 regis
251 962 337 1015 fratre
353 962 482 1016 mirabile
504 960 650 1033 quoddam
671 959 753 1015 affert
775 960 812 1015 de
825 962 939 1016 homine

156 1050 280 1122 quirites
290 1066 363 1103 anno
375 1050 494 1121 septimo
508 1065 593 1102 canus
605 1064 702 1115 senex,
714 1048 819 1102 relictis
832 1049 937 1116 liberis,

156 1134 233 1191 diem
246 1154 408 1209 supremum
420 1135 523 1189 obierit
537 1135 590 1199 (fr.
611 1134 645 1189 18
655 1139 674 1201 l.
692 1136 841 1205 Cujusnam
854 1154 941 1210 gene-

156 1222 195 1276 ris
208 1224 342 1295 scriptum
356 1222 411 1276 hoc
429 1240 445 1275 a
459 1222 613 1295 Phlegonte
634 1220 779 1275 laudatum
792 1222 890 1289 fuerit,
905 1238 940 1275 ex

155 1310 241 1363 unico
251 1310 300 1363 illo
310 1309 467 1382 fragmento
479 1326 538 1362 nou
549 1310 614 1363 satis
623 1309 725 1380 liquet.
739 1310 837 1379 Neque
849 1308 940 1362 aliun-

157 1396 242 1451 dede
261 1398 376 1451 Cratero
390 1398 528 1471 scriptore
548 1398 597 1469 qui
611 1396 746 1469 Antigoni
763 1396 837 1468 regis
854 1396 941 1449 irater

156 1483 256 1551 merit,
275 1482 409 1537 traditum
428 1482 536 1555 aliquid
556 1484 725 1554 accepimus.
743 1482 791 1536 Sin
812 1482 941 1536 Niebuh-

156 1572 232 1624 rium
242 1572 250 1644 l
260 1572 307 1625 Kl.
324 1568 466 1639 Schriften
477 1590 507 1644 p.
522 1569 594 1643 aab)
607 1570 717 1637 audias,
731 1569 817 1623 frater
827 1569 874 1623 ille
887 1574 939 1623 An·

158 1660 247 1731 tigoni
260 1658 337 1713 idern
351 1668 392 1712 est
408 1658 553 1726 Craterus,
576 1658 656 1728 cujus
676 1653 744 1730 Περὶ
764 1654 939 1733 ψηφισμάτων

157 1746 303 1799 librasset
318 1742 510 1821 Ψηρνσμάτων
523 1741 676 1818 συναγωγὴν
690 1745 790 1817 saepius
801 1762 941 1817 gramma-

157 1833 206 1886 tici
226 1834 358 1887 excitam.
384 1830 447 1887 Hoc
469 1851 560 1905 quum
578 1850 672 1904 neque
692 1830 826 1887 affirmari
848 1850 941 1903 neque

156 1921 254 1992 negari
266 1921 368 1991 possit,
383 1922 412 1973 in
423 1920 518 1973 medio
531 1937 583 1974 nos
601 1920 798 1990 relinquimus.
812 1920 890 1991 Opus
903 1920 940 1973 it-

157 2006 210 2059 lud
226 2004 292 2081 Περὶ
306 2003 481 2083 ψηρισμάτων
492 2008 557 2060 satis
570 2006 696 2078 amplum
707 2005 770 2059 suit.
783 2006 855 2060 Nam
868 2023 940 2077 prae-

158 2104 201 2147 ter
215 2094 321 2147 librum
333 2095 462 2162 tertium,
480 2094 572 2164 quiin
585 2093 654 2147 belli
666 2092 771 2146 Medici
783 2092 829 2146 rel
846 2093 876 2145 in
892 2094 940 2148 Ci-

156 2182 250 2235 monis
262 2181 439 2253 temporibus
453 2180 628 2245 versabatur,
642 2180 752 2234 laudari
766 2179 893 2234 ridemus
903 2182 940 2233 li-

157 2268 243 2323 brum
249 2286 373 2336 nonum,
382 2286 418 2323 ex
427 2286 485 2341 quo
496 2286 559 2339 quae
568 2267 726 2321 asseruntur
737 2266 773 2321 ad
784 2268 940 2339 posteriora

158 2366 287 2429 tempora
310 2356 379 2411 belli
404 2356 634 2427 Peloponnesiaci
657 2354 807 2427 pertinent.
834 2355 941 2424 Quodsi

158 2443 456 2517 igithrauctoreadem
466 2442 597 2497 ubertate
606 2441 728 2497 adsuam
737 2460 824 2513 usque
833 2452 941 2496 aetatem

157 2531 310 2585 scribendo
320 2548 485 2604 progressus
502 2540 556 2597 est,
572 2528 730 2603 pergrande
747 2547 818 2601 opus
838 2528 940 2584 condi-

159 2618 231 2673 disse
240 2619 336 2673 debet.
350 2618 606 2691 Psephismatabaec
616 2618 715 2691 populi
730 2617 941 2673 Atheniensium

158 2718 248 2763 eram.
263 2708 326 2761 Non
341 2707 436 2761 omnia
446 2715 541 2761 tamen
555 2722 649 2776 neque
663 2704 870 2776 qualiacunque
887 2704 941 2759 de-

159 2804 235 2849 creta
249 2795 381 2849 Craterus
396 2794 555 2867 collegisse,
570 2791 620 2846 sed
634 2790 775 2845 delectum
795 2792 942 2847 instituisse

159 2896 260 2935 eorum
273 2880 416 2953 putandus
429 2890 485 2947 est,
498 2898 561 2951 quae
572 2879 609 2933 ad
621 2879 769 2933 historiam
779 2875 941 2951 reipublicae

159 2968 385 3036 Atheniensium,
407 2968 466 3022 eive
491 2968 761 3022 administrationem
784 2966 858 3040 ejus,
883 2967 941 3021 sire

159 3054 233 3109 bella
243 3063 270 3108 et
279 3054 395 3122 soedera,
407 3055 465 3109 sire
474 3054 679 3108 clarorumiata
687 3054 816 3109 virorum
823 3063 939 3126 spectes,

159 3142 294 3195 momenti
307 3142 424 3211 alicujus
438 3158 495 3195 esse
507 3149 649 3213 poterant.
664 3142 730 3195 Haec
742 3140 843 3196 ordine
856 3141 942 3197 chro-

159 3230 292 3302 nologico
311 3238 457 3283 auctorem
470 3228 653 3300 disposuisse,
674 3237 703 3281 et
724 3226 865 3282 addidisse
879 3246 941 3300 quae

160 3316 348 3389 intelligentia
356 3333 456 3370 eorum
466 3316 647 3382 inservirent,
656 3324 756 3387 sponte
765 3315 939 3388 intelligitur.

159 3403 259 3475 Neque
269 3420 337 3457 vero
349 3404 379 3457 in
387 3402 432 3457 his
444 3403 575 3457 Craterus
588 3420 616 3456 se
629 3403 776 3456 continuit.
789 3404 861 3456 Nam
873 3404 941 3457 Plu-

161 3489 275 3544 tarchus
291 3489 422 3559 (Aristid.
438 3508 463 3544 c.
476 3488 527 3561 οδ)
536 3499 685 3561 postquam
697 3507 732 3543 ex
745 3488 861 3544 Cratero
868 3507 942 3543 non-

160 3577 236 3631 nulla
246 3577 376 3651 apposuit
388 3576 424 3629 de
435 3576 566 3629 Aristidis
578 3575 813 3631 condemnatione
822 3576 942 3648 satisque

160 3662 321 3735 postremis,
336 3659 416 3715 addit
430 3679 437 3713 ε
453 3656 561 3716 Τούτων
574 3658 597 3713 δ’
612 3656 684 3715 οὐδὲν
698 3657 825 3737 ἔγγρσρον
839 3660 853 3713 ὁ
867 3659 941 3733 Κρά-

161 3770 234 3826 τερος
248 3748 388 3824 τεκμήριον
408 3743 550 3823 παρέσχεν,
564 3743 623 3802 οὔτε
638 3744 711 3814 δίκην
730 3743 788 3802 οὔτε
802 3744 939 3823 pipicus,

161 3834 256 3911 καίπερ
268 3832 362 3899 εἰωθὼς
374 3836 492 3897 ἐπιεικῶς
505 3830 612 3910 γράφειν
627 3831 779 3888 τὰτοιαῦτα
794 3832 838 3888 καὶ
852 3854 941 3908 παρα-

162 3922 276 4004 τίθεσθαι
295 3919 353 3986 τοὺς
366 3922 539 4000 ἱστοροῦντας.
558 3922 667 3991 Quibus
682 3922 776 3975 verbis
787 3938 875 3993 quum
886 3922 942 3975 du-

69 4048 72 4051 ·
162 4011 243 4067 bium
254 4011 355 4065 nonsit
367 4009 486 4065 indicari
495 4009 572 4063 illam
584 4010 670 4081 ipsam
679 4003 867 4083 Ψηρισμοίτων
878 4028 941 4066 συν-

164 4092 278 4172 αγωγὴν,
293 4118 327 4152 ex
343 4117 399 4170 qua
421 4097 498 4152 idem
515 4096 682 4155 Plutarchus
699 4097 728 4153 in
745 4100 868 4154 Cimonis
882 4102 943 4155 Vita

163 4181 306 4260 ἀντίγραφα
321 4186 453 4251 συνθηκῶν
471 4197 675 4240 commemorat
694 4204 748 4240 :eo
763 4186 941 4253 deducimur,

162 4283 195 4325 ut
205 4271 351 4325 Craterum
362 4280 515 4327 statuamus
527 4274 689 4328 continuam
701 4274 845 4327 historiam
855 4274 944 4327 Athe-

162 4358 300 4412 uiensirun
310 4359 384 4431 (non
389 4360 424 4411 ab
434 4361 631 4432 antiquissimis
640 4360 706 4414 inde
712 4362 821 4427 seculis,
828 4362 942 4432 opinor,

162 4444 212 4500 sed
227 4445 293 4498 inde
310 4463 326 4499 a
338 4445 516 4501 Medicorum
529 4447 587 4501 sere
598 4448 740 4501 bellorum
754 4444 943 4520 temporibus)

161 4534 202 4587 ita
216 4534 403 4600 contexuisse,
417 4544 449 4587 ut
462 4531 495 4587 τὰ
510 4531 667 4611 ψηφίσματα
685 4538 762 4607 quasi
775 4534 944 4589 fundamen-

163 4630 223 4673 tum
238 4622 330 4692 operis
342 4623 559 4689 constituerent,
575 4623 611 4678 ab
627 4624 714 4694 iisque
729 4624 872 4695 inscriptio
886 4622 945 4693 ejus

163 4717 350 4778 repeteretur,
360 4706 462 4762 deinde
471 4726 540 4761 vero
552 4710 635 4762 etiam
647 4708 700 4763 alia
709 4720 890 4763 monumenta
896 4729 945 4782 pu·

164 4794 253 4861 blica,
269 4811 331 4866 quae
342 4794 511 4849 illustrandae
527 4796 647 4849 historiae
659 4806 763 4863 essent,
775 4797 946 4851 verbotenus

983 885 1202 949 apponerentur,
1221 876 1331 948 reliqua
1344 874 1467 947 denique
1485 892 1519 929 ex
1534 874 1591 929 fide
1609 874 1762 931 historico-

982 980 1063 1029 rum,
1081 982 1152 1034 quos
1164 964 1340 1023 nominatim,
1350 963 1535 1035 utplurimum
1553 974 1652 1017 auctor
1668 966 1762 1019 intro--

984 1048 1120 1120 ducebat,
1145 1050 1352 1123 supplerentur.
1379 1080 1418 1091 -
1445 1051 1624 1123 Quantopere
1652 1050 1761 1123 jactura

983 1136 1120 1205 ejusmodi
1135 1138 1228 1211 operis
1241 1136 1364 1191 dolenda
1376 1139 1426 1204 sit,
1440 1155 1498 1191 non
1510 1147 1550 1191 est
1563 1138 1643 1209 quod
1657 1138 1759 1196 dicam.

982 1224 1082 1279 Nullus
1099 1242 1168 1279 vero
1184 1224 1284 1281 dubito
1300 1225 1369 1297 quin
1383 1222 1459 1277 haud
1472 1242 1561 1296 pauca
1578 1224 1614 1279 de
1632 1242 1665 1279 eo
1680 1244 1759 1280 com-

983 1321 1063 1382 perta
1071 1312 1247 1379 haberemus,
1256 1313 1278 1365 si
1285 1312 1432 1365 rhetorum
1442 1322 1676 1365 commentatores
1686 1332 1762 1385 quae-

985 1416 1095 1472 cunque
1112 1418 1146 1455 ex
1165 1400 1281 1455 Cratero
1297 1400 1464 1465 hauserunt,
1480 1399 1562 1451 etiarn
1575 1400 1689 1452 nomine
1703 1399 1762 1471 ejus

984 1487 1115 1559 insignire
1137 1487 1297 1543 voluissent.
1320 1488 1391 1541 Nam
1412 1485 1632 1557 frequentissime
1651 1487 1713 1540 illos
1726 1488 1762 1543 ad

985 1573 1093 1631 Crateri
1111 1574 1253 1629 thesauros
1275 1574 1415 1629 accessisse
1440 1572 1639 1641 consultantes,
1661 1575 1706 1627 rel
1729 1594 1763 1629 ex

985 1662 1208 1733 Harpocratione
1225 1661 1277 1734 (sr.
1293 1660 1326 1732 8)
1344 1661 1471 1732 colligas,
1487 1662 1550 1733 qui,
1561 1660 1645 1714 allato
1658 1663 1763 1715 Demo-

983 1749 1085 1803 sthenis
1096 1750 1160 1803 loco
1173 1749 1209 1803 de
1220 1749 1302 1822 pictis
1312 1750 1341 1803 in
1351 1749 1452 1803 Poecile
1464 1748 1658 1803 Plataeensibus
1671 1750 1763 1804 Mara-

985 1836 1192 1903 thonomacbis,
1207 1834 1351 1907 subjungit
1361 1835 1420 1889 haec
1435 1854 1442 1887 ε
1455 1832 1548 1896 Οὐδεὶς
1562 1836 1637 1890 τοῦτο
1647 1831 1762 1909 εἴρηκεν,

984 1921 1040 1978 οὐδὲ
1058 1921 1188 2001 Κράτιρος
1197 1924 1222 1979 ἐν
1234 1924 1266 1998 τῇ
1279 1924 1330 1979 τῶν
1344 1917 1533 1998 Ψηφισμάτων
1547 1924 1695 1999 συναγωγῇ.

1024 2012 1155 2067 Ceterum
1165 2012 1201 2066 ad
1214 2011 1296 2065 talem
1306 2018 1555 2064 monumentorum
1569 2010 1764 2065 collectionem

985 2108 1062 2153 tanto
1082 2098 1216 2169 majorem
1228 2097 1329 2169 judicii
1348 2099 1523 2151 severitatem
1542 2106 1570 2149 et
1587 2114 1704 2153 acumen
1716 2098 1763 2151 hi-

984 2188 1102 2241 storicus
1119 2185 1220 2241 afferre
1239 2184 1336 2249 debet,
1356 2194 1462 2256 quanto
1476 2182 1585 2237 facilius
1601 2184 1717 2250 accidit,
1732 2196 1764 2238 ut

985 2273 1050 2327 salsa
1062 2284 1090 2327 ct
1099 2272 1273 2345 supposititia
1286 2288 1340 2345 pro
1351 2272 1424 2325 veris
1434 2282 1461 2325 et
1474 2270 1601 2343 genuinis
1615 2270 1763 2325 venditen-

985 2370 1040 2417 tur.
1055 2360 1100 2415 Ab
1121 2377 1155 2417 eo
1173 2369 1266 2414 autern
1284 2358 1410 2430 periculo
1431 2376 1489 2411 non
1511 2359 1575 2413 satis
1588 2357 1639 2411 sibi
1663 2359 1764 2413 cavisse

986 2447 1115 2505 Craterus
1138 2447 1261 2502 videtur.
1285 2446 1356 2501 Nam
1376 2441 1520 2521 ἀντίγραφα
1543 2445 1591 2499 illa
1612 2448 1759 2517 συνθηκῶν,

985 2553 1054 2608 quas
1069 2536 1184 2591 Cimone
1198 2543 1313 2587 auctore
1335 2533 1515 2587 Athenienses
1536 2550 1600 2585 cum
1618 2534 1764 2587 Persarum

984 2640 1050 2695 rege
1063 2623 1199 2695 pepigisse
1222 2621 1355 2675 dicuutur
1370 2617 1420 2695 [ir.
1436 2638 1450 2687 7
1466 2614 1492 2695 ),
1513 2620 1624 2673 nonnisi
1642 2621 1764 2692 espurio

985 2720 1167 2764 monumento
1190 2708 1309 2763 describi
1332 2714 1474 2780 poterant.
1497 2708 1607 2760 Revera
1632 2709 1764 2761 exstitisse

985 2789 1173 2843 adulterinum
1188 2786 1325 2859 ejusmodi
1339 2787 1542 2841 documentum
1554 2803 1568 2839 e
1580 2786 1763 2858 Theopompo

986 2886 1102 2933 constat.
1129 2877 1222 2947 Quare
1243 2874 1313 2928 nihil
1327 2875 1417 2947 cogit,
1435 2891 1486 2927 cur
1503 2890 1568 2926 cum
1587 2870 1763 2927 Dahlmanno

987 2962 1196 3037 (Forsclruagcu
1206 2959 1294 3033 ausit.
1310 2960 1457 3015 Gebietecl.
1468 2958 1629 3014 Gerchiclete
1639 2961 1696 3033 l‚p.
1709 2966 1762 3033 90)

985 3068 1143 3105 censeamus
1162 3051 1325 3117 Craterum,
1340 3049 1394 3103 scri
1412 3048 1461 3101 aeri
1476 3046 1635 3113 hominem,
1652 3044 1765 3101 decreta

985 3157 1034 3193 sua
1045 3158 1061 3193 e
1074 3138 1221 3193 rhetorum
1233 3148 1260 3191 ct
1270 3137 1471 3191 historicorum
1485 3135 1594 3207 scriptis
1608 3134 1761 3207 collegisse.
1785 3178 1788 3184 .

985 3224 1069 3297 Quod
1090 3224 1191 3281 deinde
1211 3243 1243 3279 ea
1258 3226 1356 3278 attinet
1370 3240 1431 3295 quae
1447 3242 1504 3277 non
1517 3240 1551 3277 ex
1564 3233 1764 3275 monumento-

985 3332 1050 3367 rum
1067 3311 1123 3367 fide
1136 3312 1185 3367 sed
1202 3330 1236 3366 ex
1254 3314 1418 3367 auctoritate
1436 3310 1635 3363 historicorum
1654 3309 1763 3377 attulit,

985 3402 1069 3454 etiam
1079 3401 1108 3453 iu
1118 3399 1162 3455 his
1168 3418 1228 3453 non
1240 3401 1353 3473 optimis
1364 3416 1473 3471 semper
1482 3417 1510 3452 se
1520 3396 1636 3452 testibus
1644 3396 1762 3451 addixit.

987 3487 1020 3541 ld
1032 3487 1110 3559 quod
1124 3489 1286 3541 narratione
1299 3487 1347 3541 illa
1359 3486 1395 3540 de
1410 3484 1538 3539 Aristidis
1552 3492 1643 3537 morte
1660 3482 1710 3555 istu
1727 3483 1762 3556 6)

985 3574 1048 3627 satis
1056 3574 1268 3646 comprobatur.

1124 3709 1388 3769 restruatur
1412 3708 1622 3767 muamus.

1104 3804 1110 3815 ’
1223 3842 1376 3897 enrrao
1395 3842 1541 3899 marro.

1026 4096 1180 4169 Stephanus
1187 4096 1253 4165 Byr..
1269 4111 1276 4147 ε
1289 4087 1408 4166 Kapria,
1417 4084 1490 4148 πόλις
1503 4082 1616 4149 Μυσίας.
1627 4082 1765 4159 Ἡρόδοτος

987 4181 1095 4259 saties.
1114 4181 1152 4241 Τὸ
1167 4178 1265 4238 iiviris
1282 4176 1445 4255 Κυρηναῖος,
1459 4176 1494 4239 ὥς
1510 4171 1642 4251 Κράτερος
1653 4172 1677 4247 γ’
1700 4171 1765 4250 Περὶ

988 4269 1201 4349 *increpuimus
1214 4268 1331 4344 Γρυνεῖς,
1343 4261 1495 4335 litterarior,
1512 4261 1666 4337 Κυρηναῖοι.
1686 4285 1697 4307 ν
1708 4262 1765 4315 He-

987 4360 1107 4413 rodotus
1120 4360 1187 4425 VII,
1201 4364 1236 4421 4²
1253 4351 1368 4431 Καρίνην
1390 4353 1459 4426 (sic3
1475 4369 1533 4403 nou
1547 4346 1688 4424 Καρήνην)
1704 4366 1764 4401 me-

988 4457 1079 4500 morat
1099 4447 1128 4499 in
1151 4443 1337 4515 descriptione
1350 4440 1470 4505 itineris,
1491 4454 1550 4509 quo
1571 4437 1681 4491 Xerxes
1701 4452 1765 4487 cum

988 4536 1112 4588 exercitu
1129 4530 1262 4588 Sardibus
1272 4528 1404 4600 Abydum
1419 4525 1518 4581 tendit.
1531 4524 1638 4581 Crateri
1650 4538 1765 4595 quoquc

989 4623 1066 4677 locus
1093 4620 1128 4674 ad
1153 4630 1280 4691 tempora
1310 4614 1377 4669 belli
1398 4612 1500 4667 Medici
1522 4610 1698 4683 pertinuerit.
1719 4607 1761 4661 Cl.

989 4720 1081 4762 tamen
1090 4717 1149 4760 not.
1162 4706 1197 4760 ad
1211 4705 1245 4761 sr.
1257 4723 1284 4759 a.
1299 4700 1382 4775 Apud
1395 4700 1515 4754 Plinium
1526 4700 1560 4753 ll.
1575 4699 1610 4751 N.
1622 4698 1653 4763 V,
1666 4695 1693 4761 3,
1709 4713 1761 4747 ινα

992 4797 1099 4851 careae
1114 4803 1273 4849 recensetur
1288 4792 1360 4844 inter
1371 4788 1456 4843 urbes
1467 4804 1528 4859 quae
1540 4783 1741 4837 interciderint.

1487 4890 1763 4912 d

713 4962 977 5022 ructatorum
998 4962 1219 5022 coelestio,

992 5080 1016 5127 1.

198 5172 304 5231 Carene,
313 5169 370 5219 urbs
382 5170 473 5229 lipsiae.
485 5169 579 5217 Gentile
589 5170 726 5229 carenam,
736 5172 763 5219 ut
773 5173 886 5218 Craterus
902 5168 962 5219 libro
973 5169 1043 5219 lertio
1055 5173 1088 5217 llo
1098 5168 1199 5217 «lucretis
1211 5188 1215 5217 :
1228 5171 1380 5229 «Cirnensis
1391 5170 1504 5228 l’ilaua‘i,
1518 5167 1636 5217 Carenici.
1649 5186 1659 5207 ν
