3834 5767
790 347 1036 408 FRAGMENTA.
1556 368 1561 376 ·
1684 360 1719 405 ιν

119 476 241 557 πράιεους
262 475 309 534 καί
331 477 525 542 δονατωτατους
538 475 634 536 Ἰώνων
648 474 748 540 έλόντος
770 477 830 552 γὈΙ.
848 477 901 544 85,

124 587 150 621 ι.
164 574 223 634 lto
232 585 259 622 a.
271 567 303 622 C.
313 563 331 640 J.

499 672 527 725 9.

160 789 286 866 Diogen.
304 791 398 847 Laert.
418 792 461 859 ΙΙ,
481 809 496 860 7
515 787 599 849 ιἿων
621 787 677 846 dii
698 787 763 854 Χῖος
782 785 827 845 καί
846 783 901 840 νέον

120 874 185 934 ὄντα
201 874 261 951 (τὸν
277 874 423 956 Σωκράτη]
436 878 471 942 είς
485 874 576 952 Σάμον
593 875 640 934 σὺν
654 873 790 954 Ἀρχελάῳ
801 871 903 941 ἀποδη-

120 965 207 1040 μῆσαι
221 961 310 1042 φησίν.

161 1049 316 1130 Ἀρχελάῳ]
347 1069 386 1106 sc.
410 1052 595 1125 philosopho,
616 1052 737 1108 Socratis
757 1049 901 1124 magistro.

120 1141 257 1196 Ceterum
267 1151 345 1196 recte
355 1150 454 1194 monet
466 1139 681 1214 Nieberdingius
694 1157 753 1193 non
763 1138 903 1193 contraria

119 1229 182 1282 haec
199 1244 259 1282 esse
276 1228 311 1282 iis
331 1245 393 1298 quae
408 1228 437 1280 in
448 1227 562 1282 Critone
576 1246 601 1281 c.
615 1225 651 1282 52
667 1226 736 1281 dicit
750 1227 847 1293 Plato,
867 1223 903 1278 de

119 1315 237 1370 Socrate
248 1321 308 1369 cive
323 1313 502 1381 Atheniense,
518 1313 624 1368 nonde
637 1313 845 1369 adolescentulo
858 1312 904 1365 lo·

123 1416 223 1472 ‘prens
239 1402 363 1476 Maligne
377 1401 638 1475 egitAthenaeusV,
653 1418 683 1473 p.
701 1399 768 1456 216.

430 1560 602 1586 -οοοοο-

328 1696 688 1757 ΣΥΝΕΚΔΗΜΗΤΙΚΟΣ.

492 1859 537 1896 lo.

156 1983 261 2037 Pollux
273 1982 320 2050 11,
334 1987 366 2048 t,
381 1999 415 2054 19
431 2000 438 2034 :
460 1973 539 2053 Παρίι
554 1977 627 2035 Ἴωνι
648 1982 686 2060 τῷ
700 1979 815 2059 τραγικῷ
826 1981 852 2036 έν
864 1982 902 2058 τῷ

117 2063 324 2146 ε’πιγραφομένιρ
348 2065 568 2142 Συνεκὸημητικῷ
591 2064 636 2123 καλ
660 2062 840 2141 σπανοπώγων
864 2087 902 2132 τις

116 2151 287 2229 ὀνομάζεται.

153 2239 228 2301 Ἴωνι
242 2261 324 2298 corr.
335 2241 477 2315 Leopard.
491 2243 554 2300 Em.
568 2243 611 2310 ΙΙ,
628 2259 675 2310 ²03
691 2243 776 2316 vulgo
790 2238 879 2297 Δίωνι.

434 2395 585 2418 κακο-

341 2525 682 2603 [unsaramma]

492 2685 537 2720 11.

155 2801 242 2879 Λάγον
260 2797 452 2880 πρισόευτικὸν
470 2803 543 2858 inter
556 2804 658 2876 scripta
681 2804 758 2858 Ionis
778 2817 904 2860 recenset

115 2891 265 2946 scholiasta
285 2890 434 2962 Aristoph.
450 2888 531 2964 (Pac.
555 2887 646 2962 835),
660 2887 766 2943 addens
787 2901 903 2971 tamena

116 2977 262 3030 nonnullis
271 2993 401 3048 cumpro
409 2977 504 3048 spurio
515 2973 622 3030 haberi.
636 2976 679 3030 De
690 2975 856 3047 quibusnam
864 2965 902 3030 le-

118 3063 281 3136 grationibus
297 3063 330 3116 in
342 3081 378 3118 eo
391 3081 484 3118 senno
503 3061 602 3130 uerit,
616 3063 710 3116 nescio
725 3081 760 3117 an
771 3065 904 3135 suspicari

118 3149 200 3204 liceat
210 3167 246 3204 ex
260 3150 348 3204 sexto
364 3151 505 3222 Empirico
519 3149 592 3205 Adv.
606 3149 739 3205 mathem.
754 3151 797 3217 ΙΙ,
811 3169 836 3204 c.
850 3159 901 3220 ad,

118 3235 167 3290 ubi
179 3237 241 3290 haec
258 3254 266 3290 ε
286 3231 339 3292 Ἐκ
353 3230 441 3309 μέσων
454 3232 541 3309 μέντοι
554 3256 584 3310 γε
598 3231 643 3290 καί
655 3232 729 3292 Χίων
742 3232 903 3312 πρισάιυτὴν

118 3319 177 3398 περὶ
187 3318 322 3397 ἐξαγωγῆς
331 3325 413 3398 πυροῦ
424 3318 556 3396 δεόμενον,
571 3318 628 3377 ἐπεὶ
642 3321 749 3397 μακρῶς
756 3319 902 3397 ἡρμήνευσε

116 3404 166 3476 τὴν
179 3403 288 3480 δέησιν,
308 3405 442 3484 ἄπρακτον
457 3404 642 3472 ἐξαπέστειλαν
657 3407 709 3482 (sc.
725 3407 749 3463 oi
768 3407 901 3464 Λακεδαι-

118 3493 232 3569 μόνιοι),
251 3491 342 3572 ἐτέρου
365 3493 393 3550 δὲ
407 3491 568 3572 πεμφθέντος
581 3491 780 3572 συντομωτέρου
796 3492 901 3570 (ἤπειγε

118 3579 169 3660 γάρ
192 3581 297 3657 ἀνάγκη
316 3577 377 3647 τοὺς
392 3575 487 3658 Χίους)
501 3578 603 3638 ἔδοσαν.
620 3577 702 3638 Χενὸν
724 3575 775 3656 γάρ
789 3578 900 3638 θύλακον

118 3667 207 3732 αὐτοῖς
220 3657 295 3732 οὗτος
318 3667 466 3737 ἀνατείνας,
487 3664 602 3745 ἀλφίτων
623 3664 700 3724 αὐτὸν
719 3663 768 3740 έφη
790 3665 899 3726 δεῖσθαι.

117 3749 215 3830 Ὅμως
224 3752 247 3811 δ’
256 3743 301 3810 ὧν
309 3752 354 3811 καὶ
361 3758 451 3812 τοῦτον
461 3755 496 3818 ὣς
507 3751 652 3830 ἀδολέσχην
661 3750 825 3832 ἐμέμψαντο·
834 3754 899 3812 ἀπο·

117 3841 243 3918 χράνεως
257 3839 309 3920 γάρ
322 3839 354 3898 όν
363 3839 438 3907 κενὸς
452 3838 558 3918 δειχθελς
570 3843 583 3898 ό
595 3838 704 3908 θύλακος
717 3838 832 3916 ἐσήμηνε
846 3839 894 3911 τὴν

116 4005 182 4054 unm
203 4005 283 4068 qratia
303 4005 393 4067 prim
415 4005 637 4068 potentissimasque
656 4007 743 4056 Ionum
760 4005 898 4056 debellasse.

150 4181 279 4232 lonchitis
285 4183 408 4232 εοττοίοπι
414 4101 899 4244 αἰίίονόάοωοοοοοδωοοιαρτοίωιυοι

118 4273 168 4308 ente
175 4273 235 4309 ειειο
244 4259 371 4308 Archelao.

400 4387 621 4436 stercorantem.

150 4603 218 4670 Apud
227 4608 311 4656 Ιοοεσι
325 4603 445 4666 raficam
455 4605 480 4653 in
491 4524 566 4666 Ιίόίο,
579 4604 621 4666 qui
634 4603 850 4666 syaeedemettcus
862 4601 899 4652 in·

120 4683 241 4744 scribitur,
257 4678 332 4732 etlam
345 4681 511 4744 στιανοπώγων
531 4679 630 4742 aliquis,
641 4678 691 4730 slve
706 4675 805 4730 hubam
821 4691 900 4730 raram

121 4759 223 4822 λεαίνει,
233 4760 393 4810 immoratur.

149 4926 264 4975 (llum
274 4925 397 4987 legatum,
406 4921 449 4983 qui
462 4841 564 4972 ιιόιίάίίε
573 4921 721 4972 trumentum
732 4923 858 4984 exportare
869 4922 899 4971 li-

121 5002 313 5065 τετεεμοςεοαε,
322 4997 585 5062 quoniaminromdo
594 4998 687 5060 prolixa
696 5000 775 5048 meret
784 5011 900 5048 usueora·

122 5081 196 5140 tione,
205 5093 232 5130 re
244 5079 336 5131 utem
344 5075 507 5124 amandarum
517 5075 704 5136 ([,οοοοωιιιοιιίί
712 5077 730 5137 ).
742 5075 812 5124 llisso
820 5077 900 5124 uatem

906 5157 913 5184 ι

223 5173 369 5212 sulutem
387 5171 449 5214 ΙΙίῦΤ·
466 5173 505 5208 cll.
520 5171 575 5209 vol..
590 5172 616 5208 tt.

922 491 928 512 ·'
947 476 998 531 τῶν
1005 472 1078 534 Χίων
1086 473 1197 542 αἴτησιν.
1207 471 1301 532 Ἔνθεν
1311 475 1452 553 ότραγικὸς
1461 473 1521 535 Ὶων
1533 476 1641 544 κινηθεὶς
1651 465 1721 531 εἶπεν

947 559 989 614 ἐπ’
1000 560 1098 616 αιίτὶἴινι

1008 708 1044 756 Οὐ
1057 708 1101 770 γὰρ
1110 709 1186 770 λόγοις
1195 710 1302 759 Λάκαινα
1315 717 1441 773 πυργοῦται
1450 708 1529 769 πόλις,
1601 773 1608 780 .

1009 776 1058 824 ἀλλ’
1071 775 1118 824 εὖτ’
1126 776 1190 839 Ἄρης
1199 780 1297 840 νεοχμὸς
1306 781 1397 841 ἐμπέσῃ
1408 785 1514 842 στρατῷ,

1008 845 1080 907 βουλὴ
1091 846 1132 906 μὲν
1141 847 1223 908 dextr,
1235 848 1287 909 tlh
1299 847 1320 895 δ’
1329 849 1509 910 “Mim-

950 985 962 1010 ι
979 962 1121 1017 Fabricius
1138 957 1175 1017 ad
1189 963 1218 1016 h.
1237 960 1257 1018 i.
1273 962 1432 1031 adnotavit,
1448 976 1537 1019 totam
1551 966 1622 1020 hanc
1633 965 1723 1021 histo-

948 1045 1106 1103 riunculam
1117 1067 1153 1105 ex
1170 1051 1241 1104 Ioue
1250 1067 1307 1103 esse
1317 1050 1514 1123 depromptam
1526 1063 1553 1107 el
1564 1051 1672 1107 finitam
1686 1057 1722 1109 ab

946 1136 1017 1190 Ione
1029 1137 1091 1208 ipso
1102 1155 1167 1189 cum
1177 1136 1220 1190 his
1231 1133 1365 1192 versibus.
1377 1140 1443 1193 Haee
1452 1138 1585 1212 equidem
1596 1159 1655 1194 non
1665 1160 1723 1196 crc-

946 1220 1052 1278 derem.
1073 1227 1173 1279 Versus
1188 1237 1223 1277 ex
1242 1224 1377 1297 tragoedia
1396 1225 1517 1296 quadam
1530 1238 1607 1296 sunt,
1627 1230 1722 1300 inqua

946 1309 1226 1394 Lacedaemoniorum
1236 1310 1393 1383 respublica
1402 1311 1542 1366 laudatur.
1558 1315 1722 1368 Narration-

854 1395 867 1413 “
946 1395 1038 1450 culam
1048 1413 1065 1450 a
1075 1397 1159 1452 Sexto
1174 1396 1289 1452 aliunde
1303 1398 1413 1452 allatam
1431 1414 1488 1452 esse
1499 1416 1616 1466 censeo,
1629 1419 1722 1472 neque

946 1491 1040 1536 tamen
1054 1483 1221 1549 abnuerem,
1239 1484 1262 1538 si
1275 1485 1338 1556 quis
1355 1479 1432 1537 iliam
1446 1503 1481 1538 en
1493 1485 1632 1540 historicis
1647 1489 1723 1541 lonis

946 1560 1039 1628 libris,
1064 1560 1178 1616 fortasse
1202 1580 1236 1616 ex
1251 1562 1311 1617 Chii
1335 1562 1499 1634 Originibus
1527 1564 1721 1637 depromptam

946 1662 1003 1701 esse
1012 1649 1195 1703 contenderet
1209 1674 1220 1697 ν
1234 1648 1340 1721 Koeple
1348 1663 1377 1722 p.
1392 1667 1441 1720 9¹-

1253 1792 1426 1817 ...καο-

1313 1902 1360 1938 12.

986 2012 1126 2066 Plutarch.
1140 2014 1183 2068 De
1203 2014 1310 2088 forum.
1329 2017 1416 2070 Rom.
1440 2035 1465 2070 e.
1492 2036 1502 2069 1
1524 2015 1569 2090 (p.
1594 2015 1652 2091 389
1672 2019 1722 2079 ed.

946 2098 1062 2172 nidor.)
1077 2119 1084 2153 :
1101 2093 1164 2156 Ἴων
1179 2098 1226 2174 μίν
1235 2090 1279 2157 σόν
1293 2099 1426 2172 δποιητὴς
1441 2101 1468 2157 ἐν
1488 2110 1541 2167 τοῖς
1552 2102 1613 2180 δίχα
1627 2104 1722 2185 μέτρου

945 2182 990 2240 καὶ
1004 2183 1185 2263 καταλογάδην
1200 2188 1271 2266 αὐτῷ
1291 2187 1479 2266 γεγραμμένοις
1494 2188 1588 2268 φησὶν,
1606 2194 1722 2267 ἁνομοιό·

945 2293 1024 2329 τατον
1034 2280 1144 2350 πρᾶγμα
1156 2277 1190 2352 τῇ
1204 2273 1281 2354 σοφίιρ
1293 2273 1342 2345 τὴν
1355 2273 1438 2352 τέχην
1452 2267 1546 2348 οὖσαν,
1557 2278 1718 2352 ὁμοιοτάτων

839 2379 841 2384 ’
869 2407 873 2415 .
945 2359 1110 2436 πραγμάτων
1121 2359 1236 2438 γίνεσθαι
1246 2362 1417 2440 δημιουργόν·
1432 2361 1552 2430 αὔξουσιν
1566 2365 1722 2444 ἀμφότεραι,

945 2452 1171 2526 προσκοσμοῦσιν,
1188 2449 1282 2528 ἄνδρας
1294 2452 1330 2514 είς
1341 2449 1417 2517 δόξαν
1430 2449 1584 2528 ἀνάγουσιν,
1600 2455 1636 2517 τίς
1647 2453 1721 2510 δύνα-

947 2558 1003 2610 μιν,
1016 2538 1052 2600 τίς
1065 2534 1214 2610 ἡγεμονίαν.

985 2624 1091 2678 Eadem
1100 2625 1264 2680 Plutarchus
1273 2626 1368 2681 denuo
1376 2629 1464 2701 tangit
1475 2629 1505 2680 in
1513 2629 1617 2698 Quaest.
1624 2631 1722 2703 Symp.

945 2712 1028 2778 VIII,
1050 2730 1085 2783 1,
1105 2713 1168 2765 init.
1187 2711 1285 2768 Potuit
1304 2713 1363 2767 haee
1379 2716 1514 2768 sententia
1534 2716 1564 2770 in
1582 2711 1722 2789 Ὑπομνη-

947 2817 1013 2870 μασι
1022 2799 1117 2854 locum
1129 2799 1242 2854 habere.
1255 2803 1378 2855 Fortasse
1394 2813 1486 2856 tamen
1499 2803 1590 2875 aptius
1603 2803 1724 2860 refertur

946 2885 984 2940 ad
997 2886 1075 2940 lonis
1094 2883 1277 2962 Τριαγμόν,
1299 2887 1410 2960 dequo
1431 2890 1469 2942 ita
1488 2890 1675 2962 Harpocratio
1694 2911 1722 2949 v.

946 2965 1025 3029 Ἴων·
1038 2964 1188 3049 Ἔγραψε...
1210 2970 1256 3028 καὶ
1275 2970 1413 3050 φιλόσοφόν
1438 2996 1464 3030 τι
1483 2972 1659 3051 σύγγραμμα,
1677 2975 1722 3034 τὸν

946 3058 1116 3136 Τριαγμόν
1138 3058 1364 3139 ἐπιγραφόμενον,
1379 3059 1443 3139 ὅπερ
1458 3061 1629 3140 Καλλίμαχος
1651 3066 1723 3122 ἀντι-

946 3142 1066 3220 λέγεσθαέ
1090 3168 1168 3222 φησιν
1181 3149 1216 3213 ὡς
1237 3145 1405 3223 Ἐπιγένους·
1423 3149 1450 3204 όν
1464 3148 1540 3214 ἐνίοις
1553 3147 1580 3205 δέ
1594 3147 1638 3206 καί
1652 3152 1723 3221 πλη-

946 3233 1068 3296 θυντικιῗις
1088 3230 1259 3311 ἐπιγράφεται
1278 3233 1459 3312 Τριαγμοέ,
1483 3235 1551 3292 καθὰ
1573 3235 1721 3316 Δημήτριος

946 3320 961 3375 ὁ
977 3318 1093 3399 Σκήψιος
1107 3319 1152 3377 καὶ
1166 3319 1355 3391 Ἀπολλωνίδης
1367 3324 1381 3378 ὁ
1394 3320 1518 3388 Νικαεύς.
1530 3321 1722 3403 Ἀναγράφουσι

946 3406 974 3463 δέ
988 3408 1015 3463 ἐν
1028 3409 1100 3486 αὐτῷ
1111 3406 1182 3465 τάδε·
1195 3433 1208 3460 ε
1223 3407 1305 3488 Ἀρχὴ
1318 3408 1345 3467 δέ
1357 3409 1415 3488 (ἥδε
1424 3425 1499 3468 corr.
1513 3414 1640 3468 Lobech.
1657 3416 1720 3486 Agl.

945 3513 975 3568 p.
990 3496 1076 3569 7aa‚J
1089 3517 1133 3570 μοι
1148 3500 1194 3552 τοῦ
1207 3495 1297 3573 λόγου.
1315 3495 1409 3556 Πάντα
1423 3498 1482 3576 τρία
1498 3497 1543 3555 καὶ
1558 3498 1637 3556 πλέον
1648 3502 1723 3557 τοῦδε

944 3579 1022 3637 πλέω
1043 3578 1155 3640 ἔλασσον
1176 3583 1242 3659 [καὶ
1264 3582 1323 3642 οὔτε
1347 3584 1426 3642 πλέον
1441 3584 1499 3642 οὔτε
1520 3585 1630 3644 ἔλασσον
1645 3609 1720 3645 corr.

944 3669 1061 3741 Bentlej.
1073 3673 1126 3744 Ep.
1137 3671 1174 3726 ad
1186 3673 1256 3728 llill.
1268 3691 1299 3745 p.
1308 3673 1344 3743 67
1353 3671 1364 3748 ]
1374 3669 1473 3728 τούτων
1481 3676 1568 3750 τριῶν.
1580 3671 1656 3740 ‘Eric
1664 3675 1724 3738 iaci:

944 3776 1006 3812 στον
1017 3752 1096 3834 ἀρετὴ
1110 3754 1198 3834 τριάς,
1213 3756 1314 3824 σύνεσις
1325 3758 1372 3815 καλ
1385 3757 1481 3837 κράτος
1495 3759 1541 3816 καί
1555 3759 1633 3838 τύχη.
1650 3778 1662 3811 l
1679 3765 1721 3820 cl.

943 3845 1057 3900 Isocrat.
1069 3844 1107 3902 Π.
1117 3841 1236 3917 άντεδιέσ.Ι
1246 3865 1276 3920 p.
1294 3846 1366 3921 322,
1380 3864 1411 3902 ιι
1429 3847 1475 3905 ed.
1492 3849 1588 3904 Dindi.
1604 3869 1610 3902 :
1627 3846 1687 3906 Ὶων
1698 3849 1722 3904 δ’

945 4007 1035 4068 altero,
1051 4007 1094 4070 qui
1105 4008 1152 4070 egil
1161 4009 1351 4071 compendiosius
1364 4011 1450 4072 (chion
1465 4012 1529 4060 enim
1540 4012 1663 4075 premebat
1678 4028 1721 4062 ne-

944 4084 1072 4146 cessitas),
1081 4087 1257 4135 oonoeeeeruut.
1271 4089 1296 4136 le
1304 4089 1368 4136 cuim
1379 4101 1484 4136 vacuum
1496 4101 1593 4138 εοοοιιιο
1604 4089 1633 4138 iis
1645 4091 1722 4139 osten·

943 4157 1016 4222 dena,
1036 4161 1112 4210 farine
1131 4175 1193 4224 opus
1212 4175 1264 4212 ease
1279 4162 1349 4213 dixit.
1365 4165 1524 4214 lidrilomimts
1541 4167 1606 4215 laune
1625 4180 1722 4235 quoque

942 4239 1059 4300 tauquam
1076 4238 1147 4288 nimis
1168 4239 1294 4301 loquacem
1316 4241 1533 4302 reprehenderunt,
1551 4256 1626 4305 qutun
1646 4244 1723 4292 inania

943 4315 1053 4365 ostensus
1062 4327 1146 4365 nocue
1154 4310 1186 4364 nd
1199 4313 1379 4380 significandam
1393 4319 1509 4367 chiorum
1518 4320 1658 4382 petitionem
1671 4321 1720 4368 sul-

943 4387 1045 4440 tecleset.
1058 4385 1102 4440 ilie
1111 4394 1193 4441 motus
1200 4395 1243 4442 lon
1252 4389 1356 4455 tragicus
1365 4393 1395 4442 de
1404 4393 1433 4442 iis
1444 4393 1505 4445 dixit
1516 4414 1521 4444 ι

996 4509 1047 4552 ll'on
1057 4505 1121 4554 tortis
1128 4511 1163 4554 est
1171 4509 1244 4553 veritis
1252 4513 1344 4554 uonna
1352 4510 1436 4564 οίνίῐαο,

996 4574 1482 4632 edtnutqonnrlmeoemexerdmn.

996 4649 1086 4690 ιοοιεω
1094 4646 1201 4702 turpent,
1210 4658 1332 4703 ιιιασιιεοιιο
1343 4647 1441 4692 conticit.

1315 4751 1356 4800 la.

975 4846 1018 4893 lon
1030 4846 1101 4906 poeta
1111 4844 1136 4893 in
1146 4845 1183 4894 hle
1193 4857 1249 4908 quae
1260 4847 1339 4895 soluta
1353 4846 1462 4895 oratione
1474 4847 1581 4908 scripsit,
1600 4848 1720 4900 lorlimem

943 4915 986 4980 ait,
996 4920 1179 4983 etupientiam,
1190 4935 1267 4984 quum
1282 4923 1330 4970 sint
1338 4923 1401 4971 inter
1411 4935 1436 4971 se
1445 4922 1617 4983 dissimillima,
1627 4924 1720 4974 einritli·

945 5011 1039 5047 marum
1045 5012 1127 5048 rerum
1133 4999 1264 5050 ellectrices
1270 5013 1330 5049 esee.
1339 5003 1432 5062 lugent
1438 5001 1517 5050 ambae
1523 5003 1547 5049 et
1554 5005 1639 5050 ornant
1648 5001 1718 5066 viros,

923 5095 926 5107 ·
944 5076 977 5126 ad
984 5077 1092 5139 gloriam,
1102 5079 1382 5142 polentiam,imperiam
1391 5078 1503 5127 evellunt.

1600 5171 1612 5209 4
