3834 5767
214 355 269 406 att

579 500 623 558 ιθ.

252 623 408 696 Antigonus
422 625 485 680 llir.
501 623 538 678 66
552 622 607 700 [60
620 622 684 700 W.)
698 641 705 681 :
723 619 807 690 Λύκος
818 625 944 702 ἱστορεῖ...
960 629 985 683 ἐν

214 705 299 784 Λιύύη
319 705 351 763 el
364 707 444 779 κτήνη
458 707 500 766 τὸν
513 707 560 786 μέν
581 708 660 768 ἄλλον
681 709 773 790 χρόνον
791 709 825 767 τύ
840 709 887 786 μὲν
902 713 986 776 sitsi<

212 791 328 862 stavela,
341 791 374 850 τθι
384 795 406 849 δ’
418 797 453 862 ὡς
465 794 554 873 ἔτυχεν
566 800 723 871 κοιμᾶσθαι,
738 801 769 876 τῇ
783 796 809 855 δὲ
823 797 912 866 νυκτί,
927 800 984 856 καθ’

211 879 244 948 ἣν
264 883 308 936 τοῦ
327 877 402 946 κυνὸς
417 881 530 950 όνατολὴ
543 881 666 958 -γίνεται,
687 883 750 962 πρὸς
764 883 827 941 αὐτὸ
842 882 871 942 τὸ
891 883 985 962 όστρον

211 963 394 1044 ἐστραμμένα,
409 966 453 1023 καὶ
475 965 558 1046 τούτῳ
575 967 709 1048 τεκμηρίῳ
726 974 773 1040 τῆς
791 970 911 1039 ίττιτολῆς
929 968 987 1036 τούς

210 1057 263 1112 iusi
274 1057 395 1132 χρῆσθαι.

370 1195 478 1270 <nari
498 1195 575 1254 'ror
597 1195 830 1272 uersuros.)

565 1325 629 1400 ιω

248 1447 411 1504 Scholcod.
420 1447 523 1502 Genev.
532 1447 568 1502 ad
575 1447 811 1516 Theocritxvu,
824 1449 875 1502 123
887 1465 894 1504 τ
904 1445 985 1526 ματρί

210 1533 273 1610 pilu
289 1531 334 1588 καί
348 1530 429 1604 πατρὶ
441 1529 552 1596 θυώδεος
563 1529 652 1589 τίσατο
664 1531 746 1603 ναώς,
761 1553 801 1588 sc.
819 1534 983 1607 Πτολεμαῖος

208 1618 391 1695 Φιλόδελρος]
405 1608 469 1675 Ὀτι
489 1615 599 1683 πολλοὺς
618 1615 694 1684 ναούς
716 1617 840 1696 ίδρύσστο
865 1620 909 1676 καὶ
930 1620 984 1679 Aii-

208 1727 251 1770 κος
266 1706 275 1780 ί
283 1703 375 1768 Λύκως
388 1704 470 1779 cod.)
493 1704 514 1760 δ’
540 1705 565 1760 έν
588 1707 625 1782 τῷ
650 1703 716 1782 Περὶ
738 1709 784 1762 τοῦ
807 1704 936 1784 Νέστορος
955 1709 983 1733 *¹

208 1791 326 1860 ἐποίησεν
337 1793 350 1847 θ
362 1789 535 1868 Φιλάδελφος,
547 1789 623 1868 φησὶν
636 1791 731 1858 ούτως·
744 1819 757 1844 ι
765 1789 930 1875 ᾨκοδόμησε
939 1795 984 1852 καὶ

207 1881 259 1938 τῶν
273 1877 367 1952 γονέων
379 1875 531 1956 ἀμφοτέρων
540 1877 696 1953 παμμεγέθη
706 1879 778 1950 ναὸν,
787 1878 831 1936 καί
842 1887 898 1944 ταῖς
912 1881 975 1938 αἰδελ

207 1974 267 2048 qais
281 1965 396 2045 ’Λρσινόῃ
409 1965 602 2042 κοιΥΦιλωτίρη
616 1966 742 2043 (quoqpe
756 1967 831 2041 cod.)
847 1965 884 2026 '*.
902 1993 914 2018 ι

246 2057 357 2110 Nomen
368 2054 537 2121 Platorem,
551 2053 727 2126 Philadelphi
737 2057 857 2127 sororis,
872 2057 982 2128 egregia

207 2141 405 2196 emendatione
419 2142 492 2196 eruit
505 2141 672 2196 Letronnius
687 2143 818 2213 Inscript.
832 2161 873 2214 gr.
890 2155 920 2196 et
930 2145 979 2196 lut.

205 2222 241 2282 de
255 2215 385 2302 aegypte
404 2239 469 2282 tona.
487 2230 521 2293 1,
534 2245 568 2299 p.
585 2225 636 2280 181
658 2245 714 2299 sq,
735 2226 785 2281 ubi
797 2229 871 2282 uide.
891 2225 983 2284 llinus

206 2323 295 2379 certa,
310 2313 469 2386 probabilia
480 2322 571 2366 tamen
585 2321 648 2366 sunt
659 2313 784 2384 reliqua,
801 2312 903 2384 quibus
913 2331 980 2384 pur·

205 2418 272 2472 gare
285 2401 380 2454 locum
394 2399 563 2455 Letronnius
577 2398 680 2454 studet.
698 2398 873 2469 lljiciendum
889 2409 981 2452 censet

204 2481 249 2542 aul
267 2498 332 2542 ante
352 2486 450 2560 λύκως;
466 2505 520 2559 pro
534 2481 618 2548 λύκως
632 2486 746 2558 reponit
758 2481 859 2557 Λύκος;
879 2485 981 2538 deinde

204 2575 288 2630 etiam
304 2575 391 2630 rerba
405 2571 522 2642 ἐποίησεν
541 2571 634 2630 toll.
651 2573 763 2628 aliunde
778 2572 852 2626 illata
866 2573 978 2639 statuit;

205 2672 264 2718 tum
278 2663 376 2716 scribit
398 2660 451 2716 τοῖν
473 2658 570 2735 γονέοιν
593 2656 758 2737 ἀμφοτέροιν,
774 2659 895 2732 denique
917 2669 980 2731 post

203 2742 280 2822 ᾠκοδ,
304 2747 383 2802 addit
399 2748 568 2820 particulam
588 2742 625 2800 δὲ.
647 2776 688 2789 -
701 2748 735 2800 ln
752 2742 796 2800 καί
814 2741 913 2812 λύκως,
929 2747 980 2799 etsi

203 2835 269 2888 ferri
287 2845 379 2906 potest
394 2831 447 2890 Καὶ
461 2830 545 2897 Λύκος
564 2829 607 2905 δὲ,
621 2835 706 2888 latere
720 2833 807 2904 possit
819 2850 924 2924 nomep
937 2833 979 2885 oti

204 2917 377 2988 Καλλίξενος,
392 2938 475 2992 quem
494 2931 638 2974 auctorem
652 2919 771 2973 multum
789 2918 871 2972 fuisse
884 2917 919 2972 de
931 2936 978 2971 re-

202 3006 254 3060 bus
266 3007 406 3060 Ptolemaei
420 3005 534 3078 ejusque
546 3005 679 3059 institutis
693 3022 728 3058 ex
739 3003 889 3058 luculentis
896 3003 978 3076 frag-

202 3096 302 3148 mentis
314 3103 432 3148 constat.
445 3096 479 3148 In
492 3102 614 3146 mentem
626 3092 709 3145 etiam
720 3091 798 3144 venit
811 3091 972 3158 Callinicus,

203 3178 238 3233 de
250 3180 336 3234 rebus
345 3179 521 3234 Alexandriae
534 3179 655 3250 scriptor
667 3187 694 3230 et
705 3177 834 3230 Seleucus
852 3179 976 3231 ,Alexan-

201 3267 295 3318 drinus
312 3267 521 3338 grammaticus,
536 3282 620 3336 quern
634 3263 670 3317 de
683 3262 795 3335 poculis
812 3264 930 3334 loquens
950 3275 979 3317 et

203 3353 269 3408 alias
280 3355 378 3426 saepius
392 3353 538 3408 Athenaeus
551 3352 659 3406 excitat.
678 3353 874 3404 Verumtamen
883 3361 976 3405 nostra

201 3439 305 3496 alibro
322 3437 387 3516 Περὶ
400 3442 445 3494 τοῦ
456 3437 583 3513 Νέστορος
601 3438 733 3505 citantur,
748 3435 827 3508 quod
844 3455 908 3492 sane
922 3439 976 3490 mi·

201 3545 278 3595 rum;
289 3546 348 3583 nou
356 3528 423 3582 novi
436 3526 517 3597 hujus
527 3525 600 3585 tituli
612 3523 732 3590 librum;
744 3525 870 3596 suspicor
881 3534 974 3580 autem

201 3613 312 3668 titulum
326 3613 502 3676 decurtatum
514 3611 559 3666 vel
573 3620 739 3683 corruptum
751 3629 823 3679 esse,
837 3629 869 3665 ac
882 3611 973 3684 signi-

200 3699 277 3754 ficari
290 3700 392 3755 librum
404 3699 442 3756 de
451 3701 555 3773 pooulo
563 3699 691 3753 Nestoris
700 3699 853 3754 Homerico
866 3695 917 3769 (tl.
933 3699 973 3766 A,

201 3787 253 3842 631
271 3789 362 3864 sqq),
376 3789 406 3841 in
420 3786 497 3858 cujus
517 3793 607 3841 torma
628 3796 656 3840 et
676 3783 860 3840 adornatione
880 3784 973 3855 expli-

200 3874 289 3929 canda
309 3877 411 3930 mirum
431 3884 567 3946 quantum
590 3872 764 3946 minatici
790 3869 971 3926 desudarunt.

200 3989 311 4003 nun-..0

564 4043 606 4093 tt.

230 4156 308 4214 lycus
326 4154 405 4202 narrat
422 4153 446 4200 in
461 4153 536 4212 Libya
550 4163 636 4212 peoora
651 4151 743 4212 reliquo
757 4147 852 4212 quidem
866 4149 973 4208 tempore

198 4230 237 4278 vel
248 4243 279 4278 ax
290 4228 389 4278 adverso
400 4230 462 4277 lntcr
473 4241 498 4276 se
508 4229 584 4289 posita
593 4225 712 4287 dormire,
723 4227 759 4276 rel
771 4225 805 4274 uti
817 4236 886 4272 casus
897 4223 972 4282 [ει-οῖς

199 4319 228 4356 aa
246 4311 327 4356 autem
340 4311 423 4362 nocta,
437 4320 485 4368 qua
496 4307 570 4356 sirius
582 4306 680 4366 oriatur,
692 4305 773 4353 ιιιιιιιῑα
792 4303 823 4352 ad
841 4301 906 4350 sidus
926 4301 973 4349 hoc

198 4395 326 4444 σοιινειεε,
336 4397 412 4444 eoque
423 4387 491 4431 ortus
499 4383 567 4442 siguo
576 4380 697 4442 indigenas
706 4381 749 4428 uti.

886 351 1131 414 FRAGMENTA.

1032 487 1188 542 luteralios
1208 489 1358 560 Dionysius
1378 489 1473 546 Thrax
1493 493 1550 547 sive
1571 494 1714 565 Rhodius,
1728 509 1805 570 post·

1031 591 1117 644 quara
1129 571 1177 641 τλν
1194 571 1308 640 διέταξεν
1321 577 1418 648 poculi
1431 580 1589 634 enucleatae
1602 579 1654 634 sibi
1663 585 1738 638 risus
1748 597 1805 655 est,

1031 648 1134 725 λέγεται
1150 650 1198 720 sis
1217 651 1360 730 Νεστορίδα
1380 653 1590 727 κατασκευάσαι,
1611 659 1663 713 τῶν
1681 664 1806 733 μαθητῶν

1031 737 1102 817 αὐτῷ
1114 738 1317 814 συνενεγκάντων
1325 739 1483 819 τέργύριον(
1490 745 1590 799 Athen.
1604 745 1662 813 xl,
1672 767 1703 819 p.
1716 748 1774 818 487
1787 754 1804 809 l.

1031 827 1174 883 Peculiare
1187 847 1255 884 vero
1265 847 1336 900 opus
1347 829 1385 884 da
1396 849 1460 886 vase
1477 833 1530 886 isto
1543 832 1681 905 scripsisse
1694 850 1807 894 constat

1031 915 1222 988 Asclepiadem
1235 916 1408 986 Myrleanum
1437 917 1556 992 (Athen.
1566 921 1609 974 XI
1618 961 1626 987 ,
1636 921 1655 995 s
1664 924 1804 1001 77-86),

1031 1003 1079 1074 qui
1093 1005 1176 1057 etiam
1190 1005 1219 1057 in
1233 1005 1414 1059 Theocritum
1426 1012 1641 1065 commentarios
1656 1011 1739 1079 lecit,
1753 1033 1805 1068 sae-

1030 1091 1148 1162 piusque
1161 1090 1189 1144 in
1201 1090 1312 1146 scholiis
1325 1093 1427 1146 nostris
1441 1094 1551 1148 citatur.
1572 1096 1711 1150 Sosibium
1732 1117 1805 1172 quo·

1031 1195 1100 1250 que,
1114 1179 1161 1250 qui
1176 1179 1206 1231 in
1218 1179 1280 1233 aula
1288 1179 1431 1232 Ptolemaei
1444 1180 1620 1254 Philadelphi
1631 1185 1804 1254 versabatur,

1030 1261 1066 1316 de
1079 1263 1205 1318 versibus
1220 1264 1354 1332 Homeri,
1370 1265 1473 1336 quihus
1486 1268 1582 1339 poculi
1594 1268 1679 1339 hujus
1697 1277 1805 1329 mentio

1029 1347 1075 1419 fit,
1091 1349 1242 1421 disputasse
1263 1351 1365 1404 scimus
1384 1369 1419 1407 ex
1435 1353 1568 1408 Athenaeo
1593 1357 1636 1410 vel
1659 1360 1756 1430 potius
1771 1379 1804 1416 ex

1029 1436 1191 1510 Asclepiade
1204 1456 1250 1511 ap.
1263 1437 1428 1491 Athenaeum
1436 1439 1654 1515 x1,sss‚qu0
1667 1445 1728 1516 ipso
1737 1447 1805 1501 loco

1029 1535 1160 1578 narratur
1174 1526 1257 1579 etiam
1276 1525 1422 1598 quomodo
1436 1526 1599 1582 Ptolemaeus
1612 1549 1699 1602 nugas
1712 1534 1804 1590 Laco-

1029 1613 1070 1665 nis
1084 1613 1257 1685 grammatici
1269 1612 1486 1683 traduxeritft
1501 1615 1568 1684 Quae
1579 1633 1666 1688 quurn
1678 1618 1717 1673 ita
1730 1621 1803 1688 sint,

1028 1699 1122 1752 nescio
1136 1718 1171 1752 an
1184 1699 1382 1772 Philadelphus
1402 1718 1518 1772 quoque
1535 1697 1582 1769 τλν
1598 1701 1743 1779 Νεστορίδα
1754 1703 1802 1761 κύ-

1028 1784 1088 1838 λικα
1111 1786 1325 1841 construendam
1348 1787 1502 1854 curaverit,
1524 1805 1646 1859 eramque
1667 1790 1698 1842 in
1715 1795 1803 1863 patris

1027 1873 1133 1946 templo
1151 1885 1284 1944 tanquam
1307 1873 1456 1940 donarium
1478 1875 1660 1928 collocaverit
1680 1873 1802 1950 [Capua

1028 1979 1142 2034 quoque
1153 1961 1183 2013 in
1196 1961 1291 2014 Dianae
1306 1963 1411 2032 templo
1423 1963 1589 2016 Nestoreum
1603 1965 1741 2034 poculum
1753 1966 1801 2018 in-

1027 2058 1070 2101 ter
1082 2046 1200 2102 donaria
1211 2045 1385 2122 visebatur],
1408 2049 1489 2102 sicuti
1503 2049 1532 2101 in
1547 2049 1678 2102 Arsinoes
1692 2052 1797 2124 templo

1028 2130 1101 2208 ῥυτὸν
1120 2133 1376 2188 artificiosissimum
1391 2153 1407 2188 a
1421 2134 1542 2188 Ctesibio
1558 2133 1736 2202 faciendum,
1751 2157 1800 2192 so-

1025 2221 1153 2291 rorisque
1172 2231 1273 2274 statuas
1287 2217 1361 2296 ῥυτὸν
1373 2230 1594 2274 manutenentes
1607 2229 1799 2294 repraesentari

1025 2309 1140 2363 curarit.
1147 2309 1178 2363 V.
1189 2308 1291 2362 Athen.
1299 2308 1353 2376 xl,
1365 2327 1393 2380 p.
1406 2309 1514 2380 4921).
1522 2309 1620 2378 ltaque
1627 2321 1725 2364 nostro
1734 2312 1799 2366 loco

1023 2391 1184 2448 refinxerim
1198 2413 1206 2446 ι
1271 2395 1298 2448 ἐν
1317 2394 1353 2469 τῷ
1367 2389 1428 2469 περὶ
1439 2394 1484 2460 τῆς
1495 2395 1541 2448 τοῦ
1561 2389 1692 2470 Νέστορος
1705 2395 1798 2472 [κύλι-

1024 2501 1079 2549 κος,
1101 2478 1150 2557 ἣν]
1166 2477 1286 2549 ἐποίησεν
1299 2482 1313 2536 θ
1327 2478 1499 2556 Φιλάδελφος.
1522 2482 1584 2534 lam
1604 2483 1626 2534 si
1646 2483 1733 2538 verba
1755 2483 1799 2538 καὶ

1022 2563 1099 2631 λύκος
1110 2579 1185 2622 recte
1198 2587 1227 2623 se
1240 2567 1361 2638 habent,
1375 2567 1506 2622 facillime
1524 2567 1586 2622 lieri
1604 2571 1700 2642 potuit
1717 2582 1749 2625 ut
1770 2574 1798 2626 in

1023 2673 1100 2728 seqq.
1112 2674 1168 2710 νοτ
1182 2653 1286 2718 κύλικος
1297 2653 1454 2722 excideret;
1470 2655 1513 2708 sin
1526 2668 1659 2728 corrupta
1673 2668 1751 2725 sunt,
1764 2679 1797 2714 ex

1023 2743 1082 2813 ipsa
1090 2761 1160 2796 voce
1170 2737 1272 2806 κύλικος
1281 2743 1345 2794 loco
1353 2759 1403 2794 suo
1410 2750 1486 2794 mota
1495 2742 1565 2794 oriri
1573 2753 1720 2814 poterant;
1730 2747 1798 2816 quid

1022 2847 1090 2883 vero
1114 2840 1173 2882 turn
1199 2827 1393 2901 reponendum
1415 2829 1465 2896 sit,
1483 2828 1587 2882 nescio.
1611 2859 1651 2870 -
1668 2830 1797 2886 Ceterum

1023 2927 1121 2970 auctor
1130 2915 1294 2969 fuer-itidem
1302 2926 1386 2985 atque
1395 2916 1454 2984 ille,
1473 2932 1646 2986 exquomox
1657 2917 1730 2970 adr.
1745 2918 1796 2972 128

1022 3001 1236 3056 afferunturalia
1243 2999 1370 3070 quaedam
1383 3001 1418 3054 de
1429 3001 1579 3054 Ptolemaeo
1589 3003 1616 3055 Il
1626 3002 1740 3057 aliunde
1748 3023 1796 3076 pa·

1020 3107 1084 3143 rum
1098 3099 1184 3143 nota:
1198 3084 1372 3164 Πτολεμαίῳ,
1390 3088 1441 3156 ait,
1457 3087 1495 3165 τῷ
1517 3085 1678 3166 Φιλαδελριρ
1689 3085 1797 3166 συνῴκει

1021 3173 1144 3250 πρότερον
1157 3171 1274 3250 Ἀρσινόη
1287 3175 1303 3241 ἡ
1316 3171 1489 3250 Λυσιμάχου,
1506 3170 1551 3249 οἶμ’
1565 3163 1594 3230 οὗ
1608 3173 1653 3230 καὶ
1666 3173 1726 3240 τοὺς
1735 3178 1795 3231 παῖ·

1021 3260 1066 3324 θας
1077 3261 1211 3334 ἐγέννησεν
1226 3259 1391 3334 Πτολεμαῖον
1405 3259 1449 3315 καὶ
1464 3257 1617 3337 Λυσίμαχον
1629 3259 1674 3317 καὶ
1692 3262 1796 3339 Βερενί-

1020 3369 1081 3418 κην·
1102 3344 1317 3403 ἐπιύουλεύουσοιν
1335 3343 1362 3402 δέ
1385 3345 1483 3414 ταύτην
1500 3346 1581 3424 εὑρὼν
1596 3347 1641 3404 καὶ
1662 3347 1709 3407 σύν
1729 3352 1794 3428 αὐτῇ

1020 3431 1148 3508 ’Λμύνταν
1155 3433 1199 3490 καὶ
1210 3431 1364 3509 Χρύσιππον
1371 3430 1414 3489 τὸν
1423 3429 1523 3492 Ῥόδιον
1532 3432 1628 3511 ἰατρὸν,
1635 3434 1737 3501 τούτους
1745 3436 1791 3510 μὲν

1019 3520 1128 3576 ἀνεῖλεν·
1138 3517 1219 3588 αὐτὴν
1234 3517 1260 3576 δέ
1270 3517 1412 3594 ἐξέπεμψεν
1427 3520 1462 3584 εἰς
1473 3518 1576 3578 Κοπτὸν
1586 3520 1603 3589 ἢ
1614 3522 1649 3586 είς
1660 3522 1738 3580 τόπον
1748 3527 1792 3592 τῆς

1018 3602 1168 3680 Θηύαΐδος,
1182 3606 1228 3663 καί
1247 3605 1294 3675 τὴν
1313 3605 1409 3664 οἰκείαν
1424 3606 1538 3685 ἀδελρὴν
1552 3606 1684 3685 Ἀρσινόην
1697 3608 1789 3684 ἔγημε·

1018 3692 1063 3750 καὶ
1076 3691 1257 3763 εἰσεποιήσατο
1268 3693 1333 3768 αύτῇ
1347 3689 1404 3757 τούς
1416 3693 1445 3750 ἐκ
1460 3697 1505 3761 τῆς
1519 3694 1646 3772 προτέρας
1662 3693 1790 3772 Ἀρσινόης

1017 3777 1182 3854 γεννηθέντας
1194 3779 1300 3844 παῖδας.
1317 3778 1352 3838 ‘ll
1370 3777 1421 3858 γὰρ
1441 3779 1541 3859 tactui.
1564 3779 1608 3838 καί
1628 3780 1691 3857 γυνὴ
1713 3783 1788 3839 αὐτοῦ

1017 3867 1122 3929 ἄτεκνος
1135 3866 1271 3925 ἀπέθανεν.

1366 4036 1436 4098 (1⁵)

1253 4148 1324 4221 (nn
1345 4147 1552 4222 sassones)

1045 4263 1121 4313 stulta
1138 4266 1228 4326 templa
1244 4279 1259 4313 a
1278 4265 1407 4314 rtolemao
1423 4263 1577 4326 Philadelpho
1590 4271 1729 4315 mnseerats
1739 4279 1787 4315 eras

1017 4343 1095 4398 lycus
1102 4342 1132 4402 (l)
1141 4341 1351 4403 quaquaestum,
1358 4355 1407 4403 quo
1414 4341 1671 4402 toqotturcleaestorts
1678 4343 1783 4404 (pocula

1016 4416 1140 4479 quod.(?))
1154 4418 1322 4480 Philadelphus
1335 4415 1469 4466 laciendum
1478 4417 1584 4478 corant,
1594 4416 1700 4468 declarat
1710 4419 1742 4468 lla
1750 4419 1783 4467 lo

1014 4508 1091 4555 quens
1105 4515 1111 4545 ι
1123 4515 1136 4538 ιι
1145 4496 1277 4546 AEdlficsvit
1286 4497 1358 4546 etlam
1365 4497 1463 4556 utrique
1471 4496 1564 4556 parenti
1573 4495 1689 4556 anunm
1699 4508 1785 4557 pernas·

1014 4583 1102 4634 pauni,
1114 4573 1269 4622 etsororssioa
1281 4573 1389 4622 Arsinoe
1397 4574 1422 4620 et
1433 4570 1566 4620 Philotam.
1577 4592 1589 4613 »
