3834 5767
850 369 1073 430 MRSSENIUS.

165 501 201 550 A.
218 499 369 553 SCRIPTA
390 499 478 568 QUAE
497 500 548 552 AD
571 500 772 554 HISTORIAM
791 501 941 560 CIVILEII

445 586 662 642 PERTINENT.

164 719 188 772 1.
214 714 525 790 mormiliorum.
547 715 570 792 γ’
585 719 633 792 (tr.
651 721 770 792 1—19).

249 801 315 879 Περὶ
329 803 374 870 τ’ῆς
388 803 414 858 ἐν
426 799 496 881 Ἰλίῳ
508 801 598 867 (λυσίας
612 804 662 878 (ir.
681 805 742 879 19).

164 891 381 946 11.11οΑ1ΤΕΙΑΙ
396 889 448 964 (ir.
465 909 513 944 ao.
532 893 592 964 21).

249 972 400 1044 Ἀθηναίων.

251 1058 403 1134 Κορινθίων.

251 1146 429 1218 Πελληνσίιιιν.

250 1225 434 1302 Σπαρτιατῶν.

166 1313 220 1368 III.
242 1319 469 1369 reinontrntot:
492 1313 545 1386 (ir.
564 1331 610 1368 aa.
630 1314 666 1369 23
677 1313 696 1388 ),
712 1315 851 1386 Scriptum
867 1317 944 1388 poli-

250 1399 548 1472 tico-philosophicum
563 1397 599 1453 de
612 1403 718 1474 optima
737 1403 807 1472 reip.
822 1401 921 1456 forma.

165 1485 220 1540 tv,
242 1493 398 1541 ttttorol
418 1493 598 1552 nominor,
611 1489 713 1558 quibus
730 1505 745 1541 a
757 1487 836 1554 locis,
846 1487 894 1540 ubi
906 1490 945 1541 in-

249 1573 336 1625 stituti
348 1589 492 1626 sermones
501 1589 558 1626 ease
570 1569 761 1646 fingebantur,
773 1575 845 1627 tituli
861 1575 943 1628 inditi

249 1669 340 1711 erant.
357 1659 483 1713 Fortasse
502 1659 586 1712 etiam
604 1657 814 1735 δΤριπολιτικδς
826 1679 897 1713 unus
911 1679 944 1714 ex

250 1741 386 1818 συλλόγοις
399 1745 457 1798 istis
473 1743 533 1801 suit.
545 1747 576 1799 V.
588 1757 649 1802 not.
662 1747 697 1801 ad
708 1747 742 1804 ir.
759 1745 806 1801 ολ.

162 1835 205 1885 ν,
242 1837 402 1887 umaroun
424 1839 505 1887 uror
527 1839 753 1903 toleror-:auom
776 1835 804 1887 in
826 1851 880 1907 qua
899 1837 948 1890 [ιι-

250 1917 410 1973 caearehum
421 1917 578 1972 doctrinam
588 1921 732 1992 politicam
742 1936 806 1975 curu
818 1920 948 1977 ‹loetrina

250 2005 415 2059 harmonica
433 2023 606 2078 comparasse
618 2009 753 2082 suspicor.
774 2010 807 2066 V.
829 2019 890 2064 not.
912 2007 948 2062 ad

250 2091 286 2148 fr.
303 2091 340 2147 ἰδ
354 2103 382 2146 et
396 2097 442 2162 47.

162 2241 198 2294 tt.
223 2237 377 2292 SCRIPTA
402 2236 488 2308 QUAE
512 2243 563 2295 AD
589 2241 743 2296 LITERAS
764 2243 809 2296 ET
829 2244 947 2298 ARTRS

229 2324 439 2395 EARUMQUE
467 2323 673 2382 HISTORIAM
694 2329 885 2386 SPECTANT.

134 2489 143 2506 .
163 2453 219 2508 VI.
243 2461 310 2509 Blol
330 2473 370 2508 sc.
390 2454 535 2534 primiparis
552 2455 601 2530 (fr.
626 2457 776 2534 οἱς-33),
799 2459 878 2516 libris
893 2463 948 2514 mi·

250 2542 360 2594 nimum
373 2540 494 2599 duobus.

162 2627 254 2702 [vll.
277 2633 350 2682 ΠΕΡΙ
364 2627 535 2705 ouurort]
551 2632 583 2687 V.
597 2649 658 2703 quae
669 2644 732 2704 post
744 2631 777 2686 l'r.
795 2631 829 2686 33
843 2637 947 2692 notari.

162 2713 249 2768 VIII.
273 2721 346 2768 ΠΕΡΙ
366 2723 500 2772 tutator
513 2717 564 2789 (ir.
577 2715 624 2782 34.
638 2715 700 2792 35).
714 2722 756 2775 De
767 2721 821 2774 vita
834 2732 862 2774 et
870 2723 948 2792 poesi

252 2801 336 2855 Alcaei
350 2799 503 2875 disputatio
515 2814 543 2857 ct
557 2806 586 2857 in
602 2807 725 2860 carmina
738 2805 795 2876 ejus
809 2825 949 2862 commen-

253 2889 348 2942 tarius.

165 2973 224 3029 lx.
249 2973 467 3052 [araunium]
482 2975 534 3050 (tr.
552 2975 695 3053 36-42).

253 3058 288 3118 α’.
302 3057 455 3126 Ὑποδέσεις
466 3063 502 3127 εἷς
516 3061 675 3142 Σορυκλίους
688 3063 734 3122 καί
746 3067 885 3144 Εὐριπίδου
901 3065 949 3142 μύ-

252 3150 311 3211 θους
327 3147 377 3224 (fr.
395 3146 537 3226 36-40).

253 3231 288 3308 β’.
297 3237 340 3289 De
347 3236 532 3312 Aristophane
540 3237 654 3311 ejusque
664 3239 764 3295 sabulis
773 3241 817 3316 (ir.
830 3249 876 3306 tr.
887 3240 947 3318 Aa).

164 3323 209 3376 x.
254 3329 328 3377 narr
346 3331 467 3380 trauan
486 3333 646 3382 uorzruun
666 3325 718 3400 (tr.
736 3325 879 3403 43-50J.
896 3332 949 3401 Qui

254 3409 353 3463 titulus
367 3411 395 3462 in
410 3411 553 3484 Aristoph.
569 3412 658 3468 schol.
674 3415 781 3470 Aldinis
793 3417 865 3472 male
884 3436 948 3472 rnu-

257 3506 331 3550 tatus
346 3499 429 3551 estin
446 3517 453 3552 τ
470 3495 537 3573 Περὶ
548 3497 693 3568 Μουσικῆς.

252 3577 290 3636 α’.
306 3577 373 3658 Περὶ
387 3584 438 3638 τῶν
448 3585 623 3640 Διονυσιακῶν
642 3583 747 3659 άγάινων
764 3586 814 3661 (ir.
831 3588 866 3653 45
878 3587 897 3666 ).

255 3663 292 3742 β’.
310 3667 509 3738 Παναθηναῐκάς
522 3691 563 3728 sc.
581 3668 651 3752 άγῷν
663 3673 673 3750 (
684 3673 719 3732 ir.
738 3676 774 3738 46
785 3675 804 3749 ).

253 3751 290 3830 γ’.
304 3751 487 3829 Ὀλυμπιακός
502 3757 553 3833 (ir.
569 3766 604 3830 47
614 3759 634 3834 l.

254 3841 402 3914 Aliahujus
408 3847 501 3918 operis
507 3847 598 3928 capita
606 3847 737 3904 latuerint
746 3851 775 3904 in
782 3848 816 3906 ir.
825 3849 949 3914 48-50.

161 3983 200 4037 (Ξ.
212 3980 369 4036 SCRIPTA
380 3981 639 4040 GEOGRAPIIICA
651 3987 695 4040 ET
705 3987 949 4045 GROMETRICA.

164 4121 227 4176 xl.
240 4128 300 4178 rua
311 4128 467 4178 uartoaoa
480 4119 534 4196 (st.
552 4121 694 4200 52-57).

165 4206 254 4281 [xll.
278 4213 351 4262 ΠΕΡΙ
362 4215 425 4264 rou
437 4217 477 4264 att
489 4217 602 4266 EAAAAI
611 4212 768 4288 nonnoni]
781 4215 814 4268 fr.
825 4212 950 4272 58-60.

257 4295 339 4348 Hunc
353 4295 467 4350 titulum
487 4295 594 4371 praeiixi
616 4299 704 4354 tribus
717 4304 858 4374 Anonymi
871 4303 951 4376 trag-

255 4383 371 4448 meatis‚
385 4400 448 4454 qiua
459 4385 622 4440 Dicaearcho
636 4388 722 4442 tribui
732 4389 832 4446 solent.

163 4469 259 4526 xlu.
275 4476 359 4524 omri
370 4477 627 4528 namatium
640 4472 693 4546 (fr.
706 4475 821 4530 61-62
832 4477 851 4548 i.

257 4551 474 4631 Καταμιτριίσοις
486 4558 538 4614 τῶν
552 4559 580 4614 lr
593 4558 785 4637 Πελοποννήσῳ
795 4562 871 4639 δριῗιν.

307 4693 342 4749 D.
364 4693 518 4750 SCRIPTA
538 4695 818 4754 PHILOSOPHICA.

165 4831 257 4885 xlv.
273 4837 346 4886 narr
358 4839 468 4888 rrxnr
483 4831 533 4904 (tr.
549 4833 667 4909 63-69
677 4834 694 4910 ).

258 4913 295 4970 α’.
306 4916 476 4994 Κορινθιοκάι
485 4917 557 4994 βιάλ.
568 4917 593 4997 γ’
608 4917 619 4982 ί
625 4923 660 4980 ir.
675 4921 814 4996 63-65).

260 4999 295 5074 β’.
313 5001 457 5070 Audienda
478 5002 549 5082 βιόλ.
570 5005 594 5082 γ’
618 5008 671 5082 (fr.
687 5010 837 5085 66-69)‚
858 5031 871 5066 a
892 5033 952 5084 quo

260 5107 318 5143 ιιοιι
333 5090 457 5146 (liumus
475 5093 556 5148 tiriaca
570 5096 683 5151 ridetur
697 5097 767 5152 liber
784 5115 790 5154 :
875 5121 882 5136 ·

1699 387 1755 438 221

1070 501 1136 579 ssepi
1147 507 1241 579 φθορᾶς
1253 481 1310 558 Aive
1323 507 1364 557 Dc
1379 491 1512 577 interitu(
1522 507 1556 559 ir.
1571 518 1611 575 '7o
1621 503 1640 580 l.

988 590 1052 647 xv.
1068 599 1140 646 narr
1153 599 1312 646 uturum:
1326 591 1377 662 (tr.
1396 611 1426 660 7¹
1440 592 1460 664 t.

987 676 1063 732 xvi.
1077 687 1125 734 au:
1149 685 1330 734 rroonnror
1350 687 1519 735 utrarum
1534 680 1588 751 (tr.
1611 681 1759 757 γσ-ςςι,

1067 782 1126 836 quo
1138 781 1224 838 opere
1237 767 1331 820 locum
1350 782 1365 819 e
1377 766 1557 838 philosophia
1571 770 1673 823 morali
1686 771 1760 840 peti-

1067 861 1127 904 tum
1139 863 1238 906 auctor
1249 861 1377 906 tractasse
1387 853 1511 906 videtur.

1067 988 1189 1024 rucaarn
1204 987 1282 1025 sarus
1295 989 1461 1024 rnaouuurn
1476 971 1528 1040 75,
1545 973 1580 1041 76
1593 984 1618 1025 et
1636 971 1682 1030 51.

1026 1075 1194 1148 Fragmenta
1201 1075 1305 1128 horum
1315 1077 1486 1147 scriptorum
1498 1075 1613 1130 exlfibui
1625 1081 1761 1142 onmium,

989 1179 1161 1232 quamquam
1175 1159 1211 1214 ad
1225 1178 1276 1213 nos
1296 1163 1425 1232 proxime
1437 1180 1468 1214 ea
1482 1171 1587 1214 tantum
1604 1166 1762 1234 pertinent,

989 1267 1051 1320 quae
1069 1249 1163 1319 primo
1175 1249 1240 1301 loco
1258 1248 1339 1320 posui
1360 1249 1491 1302 historica
1506 1260 1532 1302 et
1550 1251 1673 1321 politica.
1687 1255 1765 1307 luter

989 1352 1021 1388 ea
1035 1353 1103 1388 vero
1118 1335 1331 1388 celeberrimum
1342 1333 1421 1388 luisse
1432 1335 1544 1388 ridetur
1557 1355 1627 1408 opus
1638 1335 1695 1401 Βίος
1704 1335 1765 1395 ‘tit-

989 1417 1065 1483 λάδος
1074 1421 1252 1493 inscriptum,
1261 1420 1340 1491 cujus
1350 1425 1448 1494 sapius
1458 1422 1533 1493 apud
1542 1433 1649 1478 veteres
1658 1428 1764 1478 mentio

990 1505 1035 1567 lit.
1052 1505 1119 1560 dum
1135 1508 1310 1578 reliquorum
1324 1509 1435 1561 nonnisi
1449 1510 1607 1562 tenuissima
1619 1513 1717 1565 notitia
1727 1512 1763 1566 ad

990 1611 1042 1646 nos
1052 1595 1189 1665 pervenit.
1203 1595 1337 1664 Quaenam
1358 1592 1507 1647 indoleret
1521 1594 1669 1650 adornatio
1684 1597 1766 1668 hujus

992 1680 1083 1750 operis
1091 1678 1188 1744 luerit,
1197 1697 1213 1733 c
1223 1679 1326 1733 diserto
1334 1680 1494 1733 testimonio
1504 1699 1562 1732 nou
1572 1691 1681 1735 constat
1690 1703 1697 1748 ;
1707 1684 1764 1754 ipsa

990 1783 1059 1818 vero
1072 1764 1226 1838 fragmenta
1240 1765 1377 1836 ejusmodi
1391 1776 1470 1833 sunt,
1483 1777 1515 1818 ut
1529 1768 1612 1821 variis
1624 1771 1764 1840 opinioni·

991 1850 1044 1904 bus
1055 1853 1149 1906 Iocum
1163 1851 1231 1906 dare
1245 1854 1361 1928 possint.
1381 1852 1569 1907 Nihilominus
1579 1853 1692 1910 latione
1703 1859 1766 1910 satis

990 1938 1132 2010 probabili
1142 1951 1337 2011 argumentum
1345 1938 1458 2011 ejusque
1466 1939 1689 1996 distributionem
1700 1962 1767 1997 cou-

992 2027 1105 2080 stituere
1116 2024 1220 2082 licebit.
1235 2024 1472 2081 Proficiscendum
1484 2045 1553 2080 vero
1568 2039 1609 2082 est
1620 2029 1655 2082 ab
1668 2049 1765 2084 eonrm

993 2114 1136 2166 mentione
1154 2129 1273 2183 operum
1283 2153 1292 2180 ,
1309 2129 1373 2184 quae
1396 2112 1496 2166 eodem
1519 2113 1564 2166 vel
1586 2117 1668 2169 simili
1685 2119 1766 2171 titulo

994 2199 1123 2271 iuscripta
1142 2197 1224 2251 fuisse
1246 2197 1413 2269 accepimus.
1432 2199 1561 2268 Quorum
1581 2199 1640 2253 duo
1660 2220 1766 2256 memo·

994 2294 1092 2337 rantur
1107 2302 1113 2336 :
1127 2301 1215 2336 unum
1230 2281 1310 2354 quod
1324 2285 1428 2349 Varro,
1441 2281 1603 2337 (incorum
1619 2287 1693 2358 apud
1705 2291 1767 2342 Ro-

992 2388 1091 2445 manos
1104 2371 1239 2436 imitator,
1257 2371 1300 2422 De
1318 2371 1481 2441 vimpopuli
1498 2371 1766 2437 Rorreani,alteru1u

994 2458 1072 2529 quod
1083 2459 1163 2512 sicuti
1175 2467 1301 2510 nostrum
1311 2451 1502 2519 ΒίοςἙλλάδος
1511 2458 1674 2530 inscriptum
1686 2462 1768 2516 lason

993 2546 1112 2616 Argivus
1125 2545 1198 2612 sive,
1213 2553 1245 2596 ut
1259 2543 1388 2596 nonnulli
1400 2542 1600 2615 opinabantur,
1612 2547 1694 2600 lason
1707 2549 1768 2619 Ny-

993 2633 1100 2686 saeensis
1109 2631 1277 2703 composuit.
1287 2632 1329 2685 De
1338 2631 1472 2684 Varronis
1478 2632 1583 2702 scripto
1589 2650 1689 2704 parum
1699 2637 1766 2688 milri

995 2717 1095 2790 liquet3
1108 2718 1145 2773 de
1158 2719 1264 2772 Iasonis
1278 2718 1374 2790 Argivi
1384 2734 1471 2791 opere
1483 2716 1541 2771 dixi
1554 2719 1584 2771 in
1597 2721 1768 2792 Fragmentis

994 2805 1170 2877 Scriptorum
1185 2802 1337 2858 Alexandri
1356 2805 1396 2858 M.
1412 2823 1441 2876 p.
1462 2803 1515 2857 160
1534 2823 1596 2876 sqq.
1612 2807 1690 2862 Patet
1700 2827 1768 2862 vero

962 2938 967 2946 .
996 2890 1027 2964 (e
1043 2890 1128 2944 Suida
1149 2908 1176 2944 ν.
1197 2886 1304 2962 Ἰάσων)
1326 2891 1456 2944 Iasonem
1473 2891 1509 2944 ita
1530 2909 1590 2944 rem
1606 2893 1767 2962 imttmtsse,

995 2987 1027 3029 ut
1038 2977 1111 3030 libro
1124 2979 1218 3050 primo
1233 2987 1389 3048 exponeret
1404 2971 1452 3044 τὴν
1470 2975 1655 3052 ἀρχαιολογίαν
1667 2975 1766 3036 Ἑλλά·

995 3062 1052 3128 δος,
1075 3063 1199 3118 secundo
1221 3057 1254 3118 ad
1274 3061 1326 3118 άπδ
1340 3063 1391 3118 τῶν
1410 3061 1551 3132 Μηδικῶν,
1562 3067 1647 3119 tertio
1664 3063 1697 3120 τά
1711 3067 1769 3122 κατ’

995 3146 1172 3226 Ἆλιῖαλδρον,
1186 3161 1287 3222 quarto
1300 3147 1334 3204 τά
1349 3147 1427 3225 μίχρι
1442 3148 1582 3218 Ἀθηναίων
1593 3148 1714 3216 ἁλώσεως
1722 3156 1768 3222 τῆς

994 3233 1134 3311 γενομένης
1142 3233 1184 3292 ὑπ’
1200 3233 1367 3311 Ἀντιπάτρου
1376 3239 1421 3292 τοῦ
1430 3235 1528 3313 πατρὸς
1543 3237 1724 3316 Κασσάνδρου.
1736 3243 1769 3314 (⁴)

995 3322 1159 3396 Pragrneuta
1169 3323 1235 3376 huic
1246 3324 1326 3396 operi
1338 3341 1468 3394 expresse
1485 3323 1589 3378 tributa
1601 3345 1660 3380 nou
1672 3345 1770 3399 super-

994 3418 1059 3461 sunt
1073 3420 1175 3479 prater
1186 3426 1273 3461 unum
1289 3407 1348 3480 (ap.
1365 3411 1497 3481 Stcplran.
1518 3411 1584 3483 Byz.
1598 3431 1625 3464 ν.
1645 3409 1766 3478 Ἀλεξάν-

995 3491 1099 3571 δρειοιλ,
1118 3513 1176 3566 quo
1198 3493 1356 3548 Alexander
1378 3496 1477 3549 urbem
1497 3498 1539 3550 sui
1561 3499 1682 3552 nominis
1698 3519 1769 3554 eon·

995 3581 1119 3649 ditonis,
1155 3581 1190 3634 (lc
1218 3582 1282 3634 loco
1305 3581 1356 3635 ubi
1382 3583 1532 3637 condenda
1565 3586 1600 3637 sit
1622 3589 1768 3642 oraculum

1028 3735 1062 3796 (')
1079 3733 1193 3793 Fuluius,
1207 3737 1252 3783 etsi
1268 3734 1366 3800 titulum
1384 3735 1462 3796 operis
1477 3737 1568 3784 Iasonei
1580 3743 1767 3797 commemorat.

993 3799 1168 3864 jaatamtameu
1177 3803 1230 3863 eitra
1237 3805 1353 3853 rationem
1362 3803 1506 3853 noninboit.
1515 3807 1597 3865 Neque
1605 3813 1632 3854 Α.
1644 3808 1769 3856 Buttman-

995 3886 1042 3922 uus
1050 3874 1074 3920 io
1083 3872 1164 3923 libello
1175 3878 1210 3922 De
1229 3872 1370 3922 Dienareln
1379 3876 1479 3936 ejuarue
1488 3875 1608 3934 operibus.
1619 3879 1770 3937 Quamquam

996 3943 1122 3992 insertasse
1127 3944 1175 3992 ali0
1181 3943 1235 3992 loco
1245 3943 1355 4005 pluribus
1360 3943 1391 3993 de
1397 3945 1434 3993 Iria
1440 3943 1558 3994 dawit.
1569 3945 1662 3994 Etenim
1671 3947 1772 3996 Futirius

996 4024 1020 4073 p.
1033 4017 1063 4061 96
1082 4014 1220 4062 Buttmauui
1234 4013 1265 4062 da
1275 4013 1388 4062 varronis
1397 4013 1459 4063 libro
1470 4013 1612 4063 uenientum
1620 4015 1704 4075 atteri,
1715 4031 1772 4078 qua

996 4093 1027 4129 eu
1043 4081 1071 4130 iia
1087 4082 1157 4144 IpsIs,
1169 4095 1224 4144 quae
1243 4082 1329 4132 suidas
1345 4081 1375 4131 de
1389 4083 1473 4133 iasone
1484 4081 1570 4144 iubet,
1584 4083 1711 4134 efformata
1721 4101 1772 4135 erne

996 4151 1101 4201 videtur.
1111 4155 1148 4200 tta
1160 4152 1223 4200 ettim
1236 4151 1340 4202 Fulrriua
1352 4173 1358 4202 z
1371 4173 1383 4194 a
1403 4156 1437 4200 Ex
1454 4153 1592 4201 Buttmanni
1603 4153 1700 4214 quidem
1716 4169 1771 4203 acn-

997 4222 1072 4269 tentia
1080 4221 1195 4270 varronis
1204 4226 1239 4270 De
1251 4223 1300 4270 rtta
1313 4223 1394 4284 popuii
1409 4222 1510 4270 Romani
1519 4233 1580 4284 ορικι
1591 4224 1624 4271 ila
1635 4224 1770 4274 mutilatum

997 4290 1056 4349 uir,
1067 4293 1094 4340 ut
1105 4291 1129 4339 iu
1140 4291 1233 4352 singulo
1250 4305 1349 4353 quoque
1360 4291 1422 4341 libro
1437 4291 1542 4354 primurn
1558 4291 1590 4339 de
1601 4305 1627 4342 re
1641 4295 1723 4354 popuii
1734 4296 1771 4344 ia·

998 4359 1098 4420 mitiori,
1112 4358 1198 4409 deinde
1211 4359 1242 4408 dc
1253 4360 1350 4409 vivendi
1365 4361 1417 4421 eiua
1434 4362 1526 4410 ratione
1540 4365 1566 4410 et
1583 4365 1730 4424 postremum
1741 4364 1772 4414 do

997 4427 1061 4475 cirili
1069 4427 1219 4489 conditione,
1229 4427 1259 4476 de
1269 4427 1362 4476 artium
1374 4431 1400 4478 et
1420 4429 1495 4478 literis
1502 4442 1581 4478 tenuo
1592 4431 1676 4492 tuerit,
1688 4433 1721 4481 ila
1732 4436 1770 4482 ni-

995 4498 1085 4546 mitum
1097 4499 1124 4546 at
1134 4498 1186 4546 trec
1201 4497 1284 4546 oroma
1292 4498 1373 4559 qualia
1382 4511 1463 4559 regum
1475 4501 1583 4560 tempore
1595 4501 1683 4549 luerint
1694 4504 1772 4563 primo

997 4567 1074 4628 libro,
1083 4567 1114 4616 ab
1122 4567 1152 4616 ita
1162 4567 1218 4615 Inde
1228 4567 1335 4629 expulsa
1344 4580 1421 4629 υσιιυιι
1433 4567 1464 4616 ut
1474 4568 1579 4630 primurn
1591 4569 1682 4618 bethim
1696 4573 1771 4620 Pont-

997 4649 1054 4682 cum
1061 4635 1182 4698 necundo,
1192 4637 1247 4686 hine
1260 4635 1291 4684 ad
1300 4637 1399 4686 tertium
1408 4650 1484 4699 traque
1493 4637 1583 4687 mitum
1594 4641 1712 4688 Proteum
1722 4637 1772 4690 ter·

998 4705 1044 4764 tto,
1057 4707 1081 4754 et
1088 4703 1173 4754 deinde
1183 4718 1259 4767 usqne
1268 4705 1298 4754 ad
1309 4707 1414 4756 incuria
1425 4706 1498 4768 ipsiu
1508 4710 1604 4756 antem
1615 4712 1702 4770 quarto
1712 4709 1773 4758 libro

997 4775 1105 4835 expniia
1122 4771 1218 4824 luerint.
1237 4777 1293 4824 Βίον
1304 4779 1388 4824 eontra
1400 4777 1475 4824 nostri
1493 4776 1627 4825 otmarum
1639 4778 1686 4826 alio
1703 4780 1772 4840 plarm

998 4844 1069 4891 modo
1082 4837 1222 4904 dispositum
1231 4847 1255 4894 et
1266 4846 1290 4893 In
1299 4847 1377 4906 prium
1389 4849 1485 4899 tautnm
1496 4845 1558 4895 lituo
1570 4848 1645 4896 vitam
1662 4851 1771 4896 Granum

998 4913 1132 4961 meandum
1150 4913 1291 4962 hirtoriounr
1302 4914 1355 4975 eiua
1365 4927 1514 4976 ριοιςισιιιιιιι
1527 4913 1671 4976 descriptam
1686 4917 1771 4974 inim

998 4983 1022 5030 iu
1038 4981 1133 5030 duobus
1143 4984 1225 5031 autern
1241 4982 1326 5032 aetem
1335 4983 1385 5042 iam
1399 4984 1431 5032 ob
1447 4985 1586 5032 varietatem
1593 4985 1650 5032 vitre
1663 4989 1769 5044 Graeca,

998 5052 1095 5109 propter
1104 5051 1181 5098 varias
1190 5056 1272 5112 genter
1288 5055 1312 5099 et
1323 5053 1431 5100 civilates
1442 5052 1514 5100 aliam
1530 5051 1642 5100 narrandi
1656 5053 1771 5104 rationein

998 5119 1155 5166 annornm
1171 5121 1259 5169 iactam
1271 5133 1322 5170 ease
1335 5123 1495 5170 Ronmannus
1508 5122 1639 5169 arintratue
1650 5124 1693 5169 est.
1707 5143 1718 5164 ι

1615 5253 1646 5291 tt.
