3834 5767
832 372 1073 437 readunari
1104 326 1112 339 ·
1675 400 1729 452 553

131 495 250 553 mr
259 495 514 568 Elephantiuomm,
539 516 651 569 quorum
669 505 776 571 primus
796 502 910 572 Orbius,
956 516 1032 574 tuor,
1045 510 1063 563 i.
1080 528 1106 563 c.
1122 508 1167 573 b'3
1184 510 1248 564 hinc
1268 512 1404 567 oriundos
1417 513 1490 569 dicas
1502 517 1621 589 regesh'
1638 530 1665 575 et
1688 521 1730 591 A',

132 587 211 655 quia
222 583 387 637 satellitibus
399 588 571 637 suisoccisus
587 596 639 641 est.
656 586 775 655 Quartm
788 588 909 664 Phiops,
956 592 1094 649 etdeinde
1104 591 1163 651 hA'
1178 612 1250 667 quos
1275 601 1379 671 reperit
1392 599 1548 672 Syncellus‚
1570 606 1618 675 qui
1635 618 1728 661 tamen

133 672 183 739 qni
202 673 310 738 regiam
333 668 544 739 dignitatem
565 682 645 725 sexto
668 679 762 727 aratis
779 692 854 730 cano
873 678 913 728 ad
955 694 990 732 eo
1004 680 1379 756 ineptumsepraebet‚quod
1388 686 1501 759 Phiopis
1518 706 1606 745 annos
1619 705 1729 747 centum

134 760 310 809 centesimum
319 772 403 827 usque
412 760 509 811 tenuit.
956 774 1097 835 tamquam
1105 785 1241 821 summam
1255 788 1393 825 annorum
1409 775 1494 828 totius
1512 775 1641 847 dynastiae
1654 798 1731 833 com·

174 841 254 911 Quos
263 840 397 897 Eusebius
408 852 546 897 memorat
558 844 671 899 Othoen
683 856 712 899 et
720 846 857 919 Phiopem
869 866 912 902 re·
954 852 1072 920 putavit.
1095 854 1169 906 Nihil
1197 854 1333 924 ejusmodi
1360 858 1389 911 in
1414 860 1533 914 Eusebio
1552 864 1730 920 Armeniaco.

133 945 183 1001 ges
195 929 339 999 pertinent
351 928 388 983 ad
402 928 557 1000 dynastiam
567 940 686 997 sextam3
706 942 806 987 nostrae
822 933 912 1005 dyna·
954 935 1067 991 Summa
1079 938 1209 1010 dynastiae
1224 944 1327 1013 quintae
1348 955 1375 997 et
1388 955 1470 999 sextae
1485 959 1559 1002 recte
1574 951 1690 1021 ponitur
1704 955 1732 1005 in

135 1014 194 1065 stiae
213 1030 292 1085 reges
310 1014 444 1069 Eusebius
456 1026 562 1087 quartae
581 1015 712 1087 dymstiae
733 1030 910 1073 accensuerat
954 1020 1010 1075 fine
1024 1023 1091 1095 dyn.
1104 1026 1151 1079 Vl.
1167 1028 1268 1081 Turbae
1282 1030 1338 1083 istae
1352 1031 1529 1087 indivisione
1545 1034 1733 1106 dynastiarum

137 1104 182 1170 [v.
193 1097 303 1175 supra).
312 1102 346 1153 In
358 1112 435 1155 sexta
447 1119 496 1156 sna
505 1102 630 1173 dynastia
644 1122 728 1157 unam
737 1106 912 1162 Nitocridem
953 1110 1047 1161 nescio
1061 1126 1116 1180 qua
1136 1112 1309 1168 festinatione
1324 1119 1368 1170 vel
1381 1136 1439 1188 quo
1453 1136 1514 1172 casn
1528 1122 1688 1180 acciderint.

136 1197 283 1253 memorat,
299 1204 361 1259 quae
370 1204 416 1259 ap.
437 1188 561 1241 African.
577 1200 654 1243 sexta
673 1198 854 1261 etpostrcma
871 1203 912 1246 est
993 1196 1077 1265 Quod
1099 1198 1261 1253 Africanum
1282 1204 1388 1271 attinet,
1411 1206 1511 1278 singuli
1533 1212 1642 1264 numeri
1663 1212 1731 1266 dant

136 1270 206 1345 dyn.
219 1284 311 1332 sexte.
327 1275 424 1345 ltaque
437 1276 571 1329 Eusebius
592 1276 696 1347 quintae
711 1276 842 1349 dynmtiae
860 1279 909 1333 ad·
952 1299 1086 1337 summam
1094 1286 1214 1341 anath.
1222 1289 1310 1343 Verus
1319 1308 1450 1345 numerus
1462 1304 1500 1346 est
1508 1294 1734 1360 an.a!‚8.lnnu-

136 1361 248 1432 scripsit
260 1377 339 1445 reges
347 1360 477 1431 dynastiae
487 1372 570 1415 sextae
579 1364 783 1436 quinqne5vel,
796 1366 819 1417 si
831 1363 909 1419 hien-
952 1387 1031 1423 mero
1046 1371 1118 1444 regis
1131 1374 1180 1427 vel*
1192 1376 1284 1445 quarti
1298 1378 1341 1429 vel
1355 1380 1464 1450 septimi
1475 1380 1553 1434 litera
1560 1378 1585 1436 λ’
1603 1384 1735 1439 excidisse

137 1445 300 1519 desupbidis
306 1465 411 1502 annum
421 1466 508 1503 unum
517 1450 619 1516 omisit,
628 1466 707 1522 reges
713 1452 822 1522 priores
831 1463 909 1523 quat·
954 1455 1078 1525 videtur,
1092 1471 1224 1514 monente
1239 1462 1372 1517 Boechhio
1385 1482 1415 1535 p.
1430 1464 1492 1534 ¹75·

873 1686 1220 1703 ,Μ

176 1748 375 1800 sinemurus
387 1752 504 1799 DYRV.
539 1752 872 1803 rarttusrutttttettsts.
952 1760 1155 1809 ttoNUttrrt'rA.
1332 1766 1454 1815 renutu
1471 1767 1624 1819 ABYDENha
1727 1811 1728 1816 ,

148 1988 149 1997 ι
177 1961 197 2006 t.
214 1957 363 2007 Userchens.
481 1962 510 2006 28
902 1968 1075 2017 Uenere-xer.
1265 1972 1340 2019 xvn.
1356 1972 1521 2020 Nerua-arat
1537 1986 1600 2023 nent.

148 2062 149 2087 a
174 2055 198 2098 ι.
214 2049 340 2109 Snephres.
482 2054 509 2097 1³
904 2060 1007 2107 sarran.
1253 2044 1341 2112 xviii.
1358 2066 1566 2113 Ter-mmm...

148 2141 149 2181 t
174 2148 200 2214 ἰ.
217 2140 400 2203 Nephcrcherer.
480 2146 509 2189 20
902 2152 1084 2201 Nuus-xum.
1275 2156 1338 2204 ΧΙΧ.
1356 2156 1517 2203 Nerua-xm
1534 2168 1634 2209 cncuru.

175 2236 198 2282 ι.
215 2230 306 2281 sistes
494 2237 506 2281 7
1287 2248 1339 2295 XX.
1357 2250 1525 2295 tter-smum.

148 2320 150 2381 fi
175 2331 198 2373 ⁵·
215 2324 312 2373 Cim·
481 2331 511 2373 20
1278 2340 1341 2387 xxt.
1358 2341 1510 2387 Sarrae-rr..

148 2418 150 2452 ²
174 2423 196 2465 ⁶·
213 2416 338 2467 maure.
481 2420 510 2466 ⁴⁴
1265 2432 1340 2479 xxti.
1358 2432 1490 2479 lta-nae

175 2507 199 2559 7.
216 2506 359 2557 Mmcheree.
496 2516 510 2559 a
555 2511 724 2559 itm-emam.
844 2516 860 2559 s
1253 2523 1340 2570 xxttt.
1357 2523 1634 2571 Nema-restauret..
1730 2499 1731 2506 ἵ

175 2606 200 2648 8·
216 2599 351 2648 ‘suicherus-
481 2605 511 2652 ii
554 2602 611 2649 Tm·
830 2606 859 2651 ³8
1254 2616 1341 2662 xxiv.
1359 2614 1524 2661 Nurac-sn„
1560 2616 1570 2627 ”

150 2693 201 2741 9.
217 2696 310 2741 omos.
482 2700 510 2743 ³3
553 2696 630 2742 Usta.
830 2698 860 2743 ³0
904 2682 979 2749 urie.
1269 2707 1341 2755 xxv.
1357 2708 1658 2757 husu-messmam.
1729 2681 1731 2738 ἕ

448 2792 525 2805 —

355 2842 419 2902 (ata)
466 2849 511 2894 are
604 2866 612 2883 ·

176 3028 217 3074 vt.
239 3030 258 3073 1.
275 3024 373 3075 Otbuoe.
483 3033 512 3076 to
1253 3036 1338 3083 xxvi.
1356 3038 1574 3086 sarran-xntuxu.

183 3421 379 3475 Eratosthenes
390 3420 589 3492 Elephantinos
598 3438 677 3494 reges
687 3438 747 3475 non
755 3430 880 3475 recenset
890 3421 921 3474 in
966 3422 1082 3475 omuino
1091 3420 1294 3496 sejungendum
1304 3424 1340 3478 ab
1350 3425 1542 3497 Elephantinis
1550 3427 1662 3501 regibus
1673 3427 1739 3483 inde

144 3508 259 3565 canone
269 3507 486 3581 chronologico;
499 3526 564 3561 nam
574 3508 622 3579 qui
632 3508 761 3579 proxime
770 3506 846 3580 apud
857 3526 922 3561 eum
966 3507 1079 3563 fortasse
1097 3510 1262 3578 concludas,
1275 3510 1354 3583 quod
1370 3530 1474 3567 nomen
1488 3512 1546 3582 ejus
1566 3514 1595 3567 in
1610 3517 1737 3587 pyrami-

144 3594 280 3666 scquitnr,
302 3605 387 3666 caput
408 3604 449 3647 est
469 3593 654 3666 Memphitica
676 3592 809 3663 dynastiae
827 3602 919 3649 sextae.
966 3593 1034 3648 dum
1049 3613 1149 3668 campo
1169 3608 1312 3666 repertum
1332 3598 1382 3663 sit,
1400 3599 1430 3651 in
1451 3615 1542 3668 eoque
1558 3600 1672 3653 literali
1688 3619 1738 3654 ex-

146 3679 231 3736 unde
250 3680 392 3753 colligitur
409 3680 658 3753 Elephantinorum
673 3678 824 3751 dynastiam
842 3678 921 3751 juxta
964 3682 1102 3752 primatur
1116 3682 1200 3736 oculo
1214 3680 1283 3756 (iri)
1294 3724 1302 3751 ,
1313 3682 1391 3753 cujus
1400 3683 1464 3737 loco
1477 3701 1508 3737 os
1521 3684 1588 3759 (m)
1605 3683 1740 3740 exhibent

145 3766 312 3838 Memphites
325 3783 452 3906 nepum
465 3767 495 3819 in
509 3768 632 3839 AEagypto
647 3768 803 3838 superiore.
818 3768 920 3820 hinnu·
965 3766 1088 3837 ejusdem
1103 3769 1223 3823 nominis
1243 3770 1450 3841 inscriptiones,
1474 3786 1535 3841 quae
1549 3770 1578 3823 in
1591 3772 1736 3843 superiore

144 3862 239 3907 menta
259 3870 276 3907 e
296 3847 343 3923 qu
367 3872 399 3906 us
412 3854 526 3906 nomina
538 3853 741 3926 adscripsimus,
762 3853 827 3907 vide
845 3854 921 3925 apud
967 3850 1085 3928 AEgypto
1095 3856 1283 3927 reperiuntur.
1295 3886 1334 3897 --
1344 3858 1385 3909 De
1395 3867 1506 3927 quarto,
1516 3856 1650 3927 quintoet
1659 3869 1737 3912 sexto

146 3940 277 4013 Lepsium
296 3941 338 4008 11,
367 3959 391 3995 1.
408 3970 447 3982 —-
467 3940 573 3994 Eorum
591 3941 715 4012 primum
736 3957 922 3995 mersen-xer
965 3959 1030 4012 rege
1054 3942 1144 3995 omnis
1169 3940 1238 3996 fides
1260 3952 1299 3995 est
1323 3941 1398 4013 apud
1420 3960 1508 3997 unum
1529 3942 1735 3999 Manethonem.

146 4040 243 4100 aperte
263 4026 415 4101 respondet
436 4026 584 4081 Usercheri
604 4028 789 4082 Manethonis.
814 4029 920 4100 Quam-
966 4025 1069 4083 Contra
1083 4029 1217 4100 postremi
1227 4046 1305 4102 reges
1313 4038 1366 4083 tres
1374 4046 1529 4100 eorumque
1538 4031 1621 4082 series
1629 4032 1738 4103 egregie

147 4132 233 4189 quam
250 4113 373 4169 dubitari
386 4114 488 4186 possit,
502 4132 569 4167 num
582 4126 658 4168 recte
675 4113 712 4168 ad
724 4115 922 4186 Elephantinos
965 4112 1111 4169 fimrantur
1133 4132 1241 4186 papyro
1264 4115 1424 4181 Turinensi‚
1449 4132 1482 4169 ex
1505 4132 1562 4186 quo
1582 4132 1636 4187 pro
1649 4116 1734 4172 Tht'-

147 4218 228 4275 reges
241 4199 388 4267 reseratur,
409 4218 496 4272 quum
510 4218 569 4254 non
582 4201 613 4253 in
625 4201 768 4272 superiore
781 4203 919 4274 AEgypto,
966 4200 1092 4257 ΧΕΡΗΣ
1106 4200 1158 4273 (sic
1168 4202 1242 4254 enim
1253 4218 1341 4273 graece
1351 4200 1471 4255 debebat
1478 4200 1562 4255 scribi
1573 4219 1625 4272 pro
1637 4198 1737 4276 Τανχὲ-

146 4289 197 4345 sed
220 4305 313 4359 prope
332 4287 493 4343 Gizebianas
523 4286 682 4359 pyramides
705 4298 850 4359 repertum
873 4290 918 4345 sit.
966 4286 1028 4362 ρης)
1052 4287 1187 4341 lenissima
1205 4288 1380 4341 correctione
1400 4286 1512 4359 Lepsius
1527 4288 1634 4358 scripsit
1645 4286 1736 4344 ΤΛΤ-

147 4406 187 4418 -
200 4373 345 4430 Secundus
355 4392 406 4428 rex
419 4374 448 4428 iu
460 4374 683 4429 Manethonianis
697 4374 837 4429 laterculis
848 4374 921 4429 dici-
966 4374 1101 4432 Xttphx.
1113 4376 1157 4430 ab
1171 4375 1261 4441 Onne,
1279 4392 1343 4448 rege
1354 4386 1510 4446 postremo,
1521 4385 1651 4429 monente
1663 4376 1737 4429 Bun-

150 4464 224 4517 citur
235 4461 367 4532 Sephres;
383 4459 462 4531 quod
474 4478 579 4514 nomen
592 4462 620 4513 in
635 4460 744 4516 Sneires
757 4461 921 4515 mutandum
965 4462 1055 4530 senio,
1078 4480 1136 4517 non
1156 4460 1280 4514 diversus
1300 4470 1340 4513 est
1362 4460 1474 4526 Othoca,
1493 4460 1537 4513 vel
1550 4460 1593 4513 uti
1606 4460 1738 4514 Eusebius¹

148 4562 206 4604 esse
218 4548 301 4603 suasit
315 4563 436 4613 sarran,
456 4548 505 4617 qui
523 4558 636 4601 octavus
649 4558 689 4601 est
702 4549 731 4601 in
744 4548 836 4601 tabula
850 4548 921 4606 Car·
965 4549 1061 4603 scribit
1074 4548 1181 4613 Othios,
1202 4564 1284 4618 quem
1294 4544 1424 4601 Manetho
1436 4548 1480 4600 vel
1493 4546 1550 4617 ejus
1560 4560 1738 4620 excerptores

148 4636 275 4692 nactam,
287 4662 325 4675 -
337 4633 422 4687 Tertii
436 4633 507 4706 regis
516 4652 629 4700 nomen,
639 4633 853 4705 Nephcrchcres,
863 4634 922 4705 jam
965 4638 1087 4707 primum
1100 4644 1211 4708 ponunt
1224 4635 1364 4705 sequentis
1384 4634 1515 4705 dynastiae
1529 4650 1536 4689 τ
1557 4652 1621 4691 nam
1635 4652 1737 4688 nomen

148 4720 222 4775 inter
234 4718 400 4791 Memphites
412 4716 481 4791 dyn.
496 4720 600 4790 qnar'tae
614 4737 657 4792 ap.
670 4720 866 4774 hianethonem
878 4722 921 4773 vi·
965 4724 1053 4778 simile
1063 4735 1103 4777 est
1110 4734 1193 4795 atque
1202 4738 1335 4775 numerus
1341 4739 1479 4775 annorum
1487 4720 1561 4775 idem
1570 4720 1663 4793 plane,
1675 4739 1736 4774 cum

149 4806 256 4873 dimus3
267 4806 317 4860 sed
328 4805 367 4858 ibi
378 4822 492 4876 quoque
503 4805 580 4860 nulia
588 4804 648 4876 ejus
657 4824 702 4879 ap.
712 4807 921 4861 Eratosthenem
966 4829 1016 4879 eo,
1034 4828 1117 4883 quem
1130 4812 1213 4865 Onno
1228 4808 1327 4861 tribuit
1336 4826 1458 4882 papyrus
1470 4808 1641 4873 Turinensis‚
1654 4817 1737 4879 atque

148 4896 266 4949 mentio.
291 4895 384 4963 Quare
407 4892 460 4945 isto
479 4894 682 4965 Nephcrcheris
705 4888 792 4967 regno
812 4895 921 4947 initium
966 4892 1736 4969 optimeinpostremumdynastiaeregemcadunequod

150 4979 295 5053 quoddam
314 4979 360 5033 vel
376 4978 545 5051 praeludium
570 4980 712 5035 divisionis
735 4982 814 5053 regni
836 4982 921 5054 AEgy-
966 4982 1001 5036 dc
1015 4982 1106 5037 Othoe
1120 4981 1264 5036 annotavit
1277 4982 1408 5035 hianetho
1429 4975 1476 5041 :ic
1492 4973 1541 5031 ὑπὸ
1561 4978 1611 5030 τῶν
1630 4975 1735 5051 δορυφό-

150 5068 236 5140 ptiaci
249 5067 329 5140 argui
341 5064 499 5121 videbatur.
515 5068 691 5139 Quamquam
710 5067 766 5122 hoc
777 5086 835 5121 non
849 5067 921 5122 adeo
967 5086 1017 5142 ρων
1036 5062 1157 5141 ἀνῃρέθη.

149 5153 263 5219 firmum
276 5153 667 5227 esse,atqueNephercheren
676 5154 807 5227 dynastiae
817 5164 921 5227 quarta
1005 5154 1124 5208 Nomina
1138 5154 1237 5209 tabuhe
1261 5153 1401 5225 Abydena
1423 5151 1471 5205 etsi
1497 5146 1587 5207 lacera
1608 5160 1735 5221 exparte
