3834 5767
183 354 219 401 rr
780 336 957 399 celticus
977 339 1188 403 iiiiiifflh'tls.

176 494 252 549 χορος
261 465 279 526 ’ὁ
299 468 426 546 Ἱμεραῖος
441 464 492 523 οὔτ’
506 464 623 543 Ὀρφέα,
638 465 695 522 οὔτε
707 465 883 545 Τέρπανδρον,
895 465 949 523 οὔτ’
1371 473 1398 527 6.

177 558 339 635 Ἀρχίλοχον,
355 554 412 611 οὔτε
420 554 546 621 Θαλήταν
557 552 720 629 ἐμιμήσατο,
733 554 790 609 ἀλλ’
800 550 950 629 Ὄλυμπον,
1035 585 1119 657 9,-οθ
1133 588 1165 639 L·
1180 586 1255 650 vm,
1274 582 1328 652 51,
1341 584 1378 639 de
1396 585 1567 657 Empedocle
1583 606 1590 640 :
1605 587 1651 651 Ek
1664 585 1692 644 ,ρ
1705 589 1777 645 Θου.

177 644 340 721 χρησάμενος
354 645 390 719 τῷ
405 640 526 718 ἁρματίῳ
537 640 609 717 νόμῳ
623 638 669 697 καί
684 642 721 718 τῷ
735 638 802 697 κατὰ
824 640 949 699 δάκτυλον
998 665 1066 743 ρίους
1081 666 1157 724 αὐτὸν
1168 668 1260 724 νεωστί
1274 669 1407 733 παντελῶς
1422 669 1584 743 ἐκτισμένους
1603 673 1722 739 Γλαῦκος
1736 676 1778 732 ti-

178 731 253 805 εἴδει,
270 730 285 786 b'
295 752 359 793 τινες
373 728 399 795 ἐξ
411 726 496 806 ὀρθίου
511 726 590 801 νόμου
608 726 686 805 φασὶν
704 716 779 786 εἶναι.
822 728 909 786 Ἄλλοι
922 726 949 783 δέ
996 752 1148 831 fleam,
1170 757 1259 813 Verba
1278 767 1342 811 sunt
1366 757 1536 829 Apollodori
1555 760 1608 834 (ᾗ,
1633 761 1703 837 ⁸7)
1732 764 1775 819 α

177 840 243 883 τινες
259 815 308 873 ὑπὸ
323 818 420 873 Μυσῶν
431 816 552 891 εὑρῆσθαι
564 817 651 869 τοῦτον
662 813 704 869 τὸν
718 812 805 888 νέμον·
820 814 950 893 γεγονέναι
996 842 1086 897 Sum·
1102 855 1131 897 e,
1143 846 1273 898 Karsten·
1286 844 1321 898 ad
1336 843 1417 916 ΕΜ,ο
1432 844 1627 920 smmum-14·

176 904 227 983 γάρ
240 924 308 967 τινας
321 902 444 981 άρριαίους
458 898 696 969 αὐλητθςλίυσοιίς.

1023 1006 1071 1063 ί)

215 1124 409 1179 ld.ib.c.10.
433 1092 486 1178 Καὶ
496 1022 687 1196 περίΘαλήτα
700 1116 726 1174 δὲ
738 1122 782 1173 τοῦ
797 1117 909 1195 Κρητὸς,
926 1119 950 1173 cl
1153 1075 1402 1136 DEMOCRITUS
1423 1076 1622 1140 ΑΒΒΕῙΠΤᾸ·

175 1210 291 1266 παιάνων
312 1206 448 1284 γεγένηται
466 1202 590 1279 ποιητὴς,
603 1204 815 1283 άμρισθητεῖται.
833 1206 950 1267 Γλαῦκος
1038 1202 1115 1256 lntcr
1135 1204 1237 1275 scripta
1261 1205 1416 1258 Democriti
1443 1204 1476 1279 (Ἰ
1497 1219 1680 1263 recensentur
1702 1230 1777 1267 norr-

176 1296 225 1375 νλρ
249 1299 305 1371 μετ’
328 1294 477 1373 Ἀρχίλοχον
505 1290 611 1369 φάσκων
634 1295 786 1367 γεγενῆσθαι
813 1289 950 1359 Θαλήταν,
997 1288 1089 1354 nulla,
1106 1306 1229 1359 quorum
1247 1302 1441 1362 argumentum
1456 1293 1620 1348 historicum
1637 1296 1776 1351 luissevi-

175 1352 340 1460 μεμιμῆσθαι
350 1384 395 1457 μὲν
406 1360 482 1437 αὐτόν
495 1400 558 1458 φησι
569 1376 602 1435 τά
615 1376 765 1456 Ἀρχιλόχου
778 1377 859 1453 μέλη,
869 1374 911 1432 ἐπὶ
923 1372 950 1432 δὲ
996 1373 1057 1427 deri
1067 1377 1160 1447 possit.
1172 1376 1281 1430 Etenim
1291 1377 1471 1451 DiogcncsL.
1482 1381 1535 1447 IX,
1545 1380 1592 1449 48,
1606 1383 1636 1436 in
1645 1385 1777 1459 catalogo

175 1472 204 1527 τὸ
216 1470 373 1548 μακρότερον
388 1469 514 1535 ἐκτεῖναι,
526 1465 571 1524 καί
583 1464 742 1543 θίάρωναήέ)
758 1464 803 1522 καί
815 1462 945 1543 Κρητικὸν
996 1479 1115 1531 operum
1135 1464 1397 1531 Democriteorum‚
1419 1484 1502 1538 quem
1522 1468 1681 1542 Thrasyllus
1701 1491 1775 1526 con-

177 1557 272 1635 ῥνθυιὸν
286 1560 321 1620 εἰς
332 1554 378 1625 τήν
394 1551 544 1628 μελοποιίαν
560 1554 681 1610 ἐνθεῖναι·
692 1544 728 1617 οἶς
741 1551 895 1629 «Ἀρχίλοχον
909 1548 946 1625 μὴ
995 1549 1110 1621 struxit,
1120 1568 1171 1603 suo
1181 1551 1246 1604 loco
1255 1552 1337 1623 ponit
1346 1547 1562 1626 Ὑπομνημάτων
1570 1556 1668 1623 ἠθικῶν
1679 1557 1717 1627 η’.
1730 1562 1778 1615 sic

175 1612 336 1723 κεχρῆσθαι,
352 1642 409 1698 ἀλλ’
432 1641 488 1699 οὐδ’
500 1638 616 1719 Ὀρρέα,
639 1636 695 1697 οὐδὲ
712 1636 894 1718 Τέρπανδρον·
917 1638 947 1693 ἐκ
996 1636 1071 1689 enim
1087 1637 1237 1709 legendum
1250 1656 1306 1691 esse
1322 1637 1402 1693 lacile
1415 1641 1520 1714 largior
1534 1644 1688 1699 Illullachio
1701 1644 1776 1720 (De.

175 1712 225 1807 γὰρ
239 1733 284 1798 τῆς
296 1726 432 1803 Ὀλύμπου
447 1724 579 1794 αὐλήσεως
593 1723 720 1795 Θαλήταν
737 1723 814 1803 puali
827 1721 943 1800 ἐξειργά-
995 1728 1104 1776 mocriti
1115 1725 1231 1795 Fragm.
1240 1725 1366 1781 chlin.
1380 1724 1465 1796 1843,
1479 1746 1509 1801 p.
1528 1723 1608 1805 124).
1620 1731 1777 1787 Librorum

175 1820 342 1889 σθαιταῦτα,
355 1812 399 1870 καί
414 1810 484 1877 δόξαι
496 1809 607 1882 ποιητήν
620 1810 716 1887 ἀγαθὸν
727 1810 866 1888 γεγονέναι.
883 1808 948 1887 Περὶ
1028 1866 1061 1923 ,Ἴ
1079 1870 1156 1915 mm
1168 1833 1319 1930 mmmm
1338 1872 1410 1920 Hom
1421 1870 1453 1919 de
1468 1882 1531 1918 mo
1543 1873 1675 1921 Democriti
1693 1876 1778 1923 nauli·

176 1902 203 1960 δὲ
218 1900 387 1979 Ξενοκρίτου,
398 1898 424 1964 ὃς
438 1890 469 1967 lp
487 1896 516 1954 τὸ
528 1897 599 1974 γένος
612 1900 642 1955 ἐκ
656 1900 764 1975 Λοκρῶν
776 1902 826 1955 τῶν
839 1898 865 1953 ἐν
876 1894 946 1953 Ἰτα·
995 1934 1090 1983 scilicet
1107 1940 1229 1985 natusest
1246 1939 1402 2001 philosophus
1417 1939 1551 1989 secundum
1567 1942 1740 2001 Apohodorum
1751 1959 1775 1992 a.

176 1988 219 2067 llll
229 2032 237 2063 ι
246 1986 449 2067 appeteretur
459 1985 481 2040 ῑῖ
495 1984 612 2041 παῑάνωθ
628 1983 737 2055 miili
747 1983 858 2062 γέγονεν’
870 1986 948 2063 ‘lilim‘
994 2006 1051 2063 ibt),
1062 2017 1111 2051 sec.
1123 2006 1274 2067 Thrasyllum
1285 2021 1308 2056 a.
1320 2014 1378 2068 170,
1387 2021 1435 2056 sec.
1447 2008 1576 2057 Diodorum
1589 2011 1598 2069 (
1605 2013 1672 2070 11111,
1690 2017 1732 2071 11)
1749 2028 1775 2062 a.

175 2080 227 2132 κῶν
238 2074 288 2153 γὰρ
303 2071 446 2131 ὑποθέσεσιν
462 2070 605 2150 πράγματα
616 2073 732 2151 ἐχουσῶν
746 2067 857 2140 ποιητὴν
871 2092 947 2145 γεγο-

175 2162 244 2219 νέναι
255 2160 333 2239 φασίν
356 2158 443 2217 αὐτόν·
460 2158 499 2216 διὸ
522 2158 567 2217 καί
583 2182 654 2224 τινας
671 2155 844 2236 διθυράμθους
860 2158 948 2213 καλεῖν

175 2256 254 2311 αὐτοῦ
263 2252 308 2318 τὰς
318 2250 462 2314 ὑποθέσεις·
476 2247 649 2329 πρεσὸθτερυν
665 2247 691 2305 δὲ
706 2272 739 2325 τη
751 2247 840 2317 ἡλικία
848 2247 924 2327 φησίν
935 2250 948 2303 b

176 2342 292 2404 Γλαῦκος
308 2338 435 2407 Θαλήταν
451 2335 609 2416 Ξενοκρίτου
625 2334 767 2413 γεγονέναι.

214 2433 246 2485 V.
260 2430 371 2483 hliillcr.
384 2430 454 2482 Dor.
466 2427 505 2493 11,
514 2444 542 2497 p.
557 2424 629 2494 3223
643 2425 731 2479 Ulrici
748 2424 843 2479 Gesch.
856 2424 884 2480 d.
898 2425 946 2477 Gr.

175 2519 253 2571 Pocr.
275 2517 313 2583 ll,
325 2534 355 2587 p.
373 2512 428 2567 ar'l
449 2524 477 2569 et
497 2529 570 2583 quos
585 2512 681 2566 laudat
706 2510 784 2566 Bode
804 2510 899 2566 Gesclr.
916 2511 946 2563 d.

176 2608 224 2665 (ἐν.
237 2606 332 2659 Persic
346 2604 365 2658 l.
381 2602 402 2655 l.

545 2689 573 2743 θ.

216 2804 371 2874 Diogeni.
382 2801 438 2871 tx,
451 2787 500 2864 38',
511 2796 545 2851 de
555 2797 718 2851 Democrito
732 2816 739 2848 :
753 2796 815 2853 Τῶν
827 2796 948 2870 Πυθαγο-

177 2891 253 2965 ρικῶν
265 2883 330 2949 τινὸς
341 2881 450 2940 ἀκοῦσαί
462 2903 538 2960 φησιν
553 2879 629 2937 αὐτὸν
649 2882 766 2945 Γλαῦκος
781 2882 796 2936 θ
808 2878 944 2955 Ῥηγῖνος,

176 2972 244 3031 κατὰ
256 2970 312 3036 τοὺς
327 2965 419 3033 αὐτοὺς
434 2966 540 3045 χρόνους
555 2966 625 3043 αὐτῷ
640 2964 758 3041 γεγονώς.
774 2964 848 3035 Φησὶ
864 2964 948 3023 δὲκαὶ

176 3060 366 3135 Ἀπολλόδωρος
388 3059 401 3111 θ
420 3052 562 3123 Κυζικηνὸς
576 3052 702 3131 Φιλολάῳ
725 3052 802 3109 αὐτὸν
824 3075 949 3130 συγγεγο-

175 3172 255 3205 νεναι.

217 3234 392 3307 Apollodoro
407 3251 470 3285 cum
481 3231 588 3286 Glauco
603 3230 667 3283 satis
680 3230 825 3296 convenit,
841 3231 949 3285 ratione

176 3325 268 3377 habita
285 3333 456 3391 temporum,
473 3334 556 3389 quam
570 3316 715 3389 negligunt
729 3317 777 3387 qui
792 3316 876 3387 ipsius
890 3314 948 3389 Py-

176 3401 949 3481 tlragoraediscipfflirmDemocritumperhibent(v.Dio·

175 3516 238 3570 gen.
265 3496 286 3548 l.
307 3495 340 3556 l.‚
357 3502 384 3545 et
407 3492 489 3546 Duris
509 3508 553 3563 ap.
577 3490 717 3562 Porphyr.
742 3486 797 3542 vit.
814 3490 896 3561 Pytlr.
917 3509 947 3562 p.

180 3583 244 3637 181.
258 3580 302 3637 ef.
316 3579 448 3633 Mullaclr.
462 3580 490 3631 in
501 3579 611 3651 Fragm.
623 3577 778 3631 Democrit.
792 3596 820 3649 p.
839 3574 875 3630 50
887 3596 948 3649 sqq.

176 3672 303 3725 Ceterum
327 3686 384 3720 non
408 3677 449 3720 est
473 3684 524 3720 cur
544 3664 703 3719 dubitemus
725 3663 784 3717 haec
803 3683 838 3717 ex
852 3662 949 3719 Glauci

176 3753 244 3831 Περὶ
253 3754 366 3822 ποιητῶν
381 3750 425 3807 καὶ
441 3751 569 3824 μουσικῶν
582 3751 656 3805 libro
667 3748 792 3805 desumto
804 3768 878 3819 csse;
891 3750 949 3823 ipse

174 3843 351 3898 Democritus
364 3836 429 3913 Περὶ
444 3838 547 3911 ῥυθμῶν
560 3834 605 3892 καί
618 3832 742 3912 ἁρμονίας
758 3848 785 3891 ct
797 3832 863 3912 Περὶ
875 3832 949 3904 ποιή-

175 3950 239 3993 σεως
249 3930 404 4001 scripserat.
414 3929 448 3980 V.
456 3925 611 3980 hlullach.l.
624 3925 642 3977 l.
656 3943 684 3996 p.
701 3934 763 3993 147.

175 4090 275 4137 chorum
286 4087 433 4135 himeraeum
447 4097 524 4145 neque
535 4083 623 4144 Orphei
635 4095 713 4143 neque
728 4081 860 4143 Terpandri
879 4082 949 4131 luisse

175 4164 334 4225 imitatorem,
344 4175 421 4223 neqiic
433 4160 566 4210 Archilochi
574 4172 652 4219 noque
661 4159 765 4207 Thaleta
773 4193 780 4217 ,
789 4158 829 4207 scd
840 4158 949 4220 olympi,

175 4254 246 4291 risum
264 4252 336 4288 nomo
356 4240 476 4286 harmatio
484 4272 492 4297 ‚
505 4238 529 4285 et
538 4248 566 4284 ea
576 4235 654 4295 specie
663 4248 717 4295 qum
726 4234 821 4295 dactylo
830 4235 949 4296 procedit,

176 4331 248 4380 qiiam
263 4316 302 4364 alii
313 4314 434 4363 chrlhio
444 4326 516 4361 nomo
524 4311 673 4361 essevolmm
687 4311 731 4359 Alii
743 4310 864 4371 quidama
880 4312 950 4372 Mysis

155 4408 159 4423 ν
176 4396 300 4443 inventum
312 4403 409 4439 nomum
422 4389 490 4437 illum
499 4388 592 4435 volunt.

208 4562 241 4606 De
254 4555 352 4603 Thaleta
361 4546 437 4601 ltiam
451 4554 564 4599 Cretense
573 4548 674 4597 dubium
692 4548 728 4596 est
739 4560 769 4593 sn
783 4548 878 4595 Pennas
894 4548 949 4595 scri·

176 4636 256 4699 pscril.
272 4636 332 4682 iiam
350 4631 457 4679 Glaucus
480 4631 533 4690 post
552 4626 721 4677 Archilochum
739 4625 809 4674 luisse
826 4625 949 4675 Thaletem

175 4712 309 4767 affirmans,
319 4708 438 4756 imitatum
450 4718 505 4753 eum
514 4703 571 4753 odas
582 4702 715 4752 Archilochi
728 4702 823 4762 latetur,
836 4701 950 4763 prolixius

175 4793 255 4837 tamen
271 4783 414 4844 extendisse,
433 4784 457 4831 ct
467 4784 588 4831 Maronem
605 4777 758 4842 [Poeoncrni]
773 4790 801 4827 ac
813 4781 948 4827 cretensem

176 4864 314 4925 rhythmum
323 4860 423 4908 orlarum
433 4858 495 4919 poesi
505 4857 642 4917 inseruisse,
652 4855 738 4917 quibus
754 4868 832 4916 neque
841 4855 950 4916 Orpheus

176 4949 233 4985 risus
242 4932 324 4992 luerit,
333 4942 410 4990 neque
416 4928 560 4989 'lei-pander,
569 4938 647 4987 neque
654 4925 808 4975 Archilochus
814 4945 820 4972 ε
826 4925 878 4973 hacc
886 4926 948 4973 enim

175 5028 203 5060 cx
213 5008 306 5071 Olympi
316 5007 389 5071 tibina
399 5005 488 5053 musica
498 5004 566 5052 aiunt
579 5002 702 5051 Tlialclam
719 5000 887 5063 dcwomstoee,
903 5002 947 5050 lio·

177 5091 248 5151 nique
269 5088 344 5149 poeta·
366 5084 461 5133 lairdrm
480 5082 604 5131 invenisse.
632 5085 666 5133 Dc
685 5082 813 5131 xenocrilo
835 5083 948 5143 praeterea

995 2076 1040 2120 191
1057 2076 1113 2122 ante
1136 2075 1194 2123 Chr.
1212 2078 1270 2124 llaec
1287 2077 1461 2127 sententiarum
1481 2078 1600 2127 discordia
1614 2093 1669 2140 qum
1685 2083 1778 2131 multos

994 2143 1090 2191 vexavit
1100 2146 1265 2206 componenda
1274 2149 1309 2196 est
1317 2148 1382 2196 liunc
1392 2148 1417 2196 in
1425 2148 1533 2196 modum.
1545 2149 1679 2210 EDiogcne
1694 2154 1721 2201 i..
1732 2157 1775 2213 171,

997 2215 1024 2259 11
1038 2211 1072 2272 (r.
1082 2212 1220 2273 Apollodori
1229 2216 1497 2278 chronicorumlragm.
1515 2218 1562 2277 st)
1572 2221 1667 2267 constat
1683 2223 1774 2269 Demo-

993 2282 1081 2329 critum
1097 2284 1206 2344 tempora
1215 2297 1260 2333 sua
1268 2285 1387 2334 definiisse
1400 2286 1448 2346 ita,
1460 2289 1488 2335 ut
1499 2299 1575 2335 annos
1592 2294 1731 2340 numeraret
1739 2295 1773 2340 ab

993 2363 1042 2399 era
1058 2355 1171 2414 Trojano.
1191 2356 1273 2415 ipsum
1287 2355 1451 2404 Democritum
1468 2355 1558 2404 bellum
1575 2358 1706 2418 ‘troianum
1718 2364 1775 2410 assi·

992 2434 1076 2482 griasse
1087 2422 1156 2471 anuis
1173 2428 1323 2473 1151-1111
1340 2439 1372 2473 εκ
1389 2423 1481 2486 legibus
1493 2426 1600 2487 antiquae
1613 2428 1777 2492 chronologia».

993 2490 1093 2551 aliisque
1108 2491 1252 2552 quibusdam
1270 2493 1363 2543 indiciis
1381 2497 1446 2542 recte
1455 2494 1566 2543 statuisse
1581 2495 1640 2545 mibi
1654 2497 1738 2548 videor
1749 2502 1776 2550 in

993 2563 1089 2621 rragin.
1099 2562 1212 2611 chronol.
1224 2576 1248 2625 p.
1261 2570 1304 2612 111
1315 2564 1367 2623 (Gi.
1376 2564 1490 2613 Mullach.
1501 2578 1525 2626 p.
1535 2570 1589 2625 ³5)·
1604 2571 1661 2617 lam
1672 2572 1773 2631 Apollo·

993 2629 1067 2677 dorus
1084 2630 1213 2691 Troianam
1224 2645 1297 2681 aeram
1311 2635 1379 2693 ponit
1392 2633 1416 2681 iu
1425 2646 1463 2682 aa.
1477 2640 1551 2695 1183;
1562 2636 1701 2697 Thrasyllus
1714 2654 1776 2689 vero

996 2698 1021 2746 in
1031 2713 1070 2747 an.
1088 2704 1144 2747 1193
1160 2702 1211 2761 (uti
1223 2704 1288 2763 patet
1297 2716 1329 2750 ex
1345 2703 1421 2751 elem.
1433 2703 1501 2752 Alex.
1514 2707 1538 2764 1,
1550 2718 1574 2765 p.
1593 2710 1635 2753 117
1646 2708 1721 2769 sylb,
1736 2713 1769 2758 ci.

994 2772 1088 2829 Fragrn.
1099 2770 1213 2818 chronol.
1222 2784 1245 2832 p.
1258 2778 1300 2820 trs
1308 2775 1325 2831 i.
1334 2772 1408 2832 igitur
1417 2776 1518 2833 uterque
1526 2775 1627 2836 scriptor
1641 2789 1656 2823 a
1666 2778 1773 2839 Troiana

994 2852 1042 2886 arra
1052 2838 1082 2886 ad
1089 2841 1173 2887 uatum
1181 2841 1343 2889 Democritum
1351 2845 1462 2891 manerat
1470 2856 1546 2891 anuos
1557 2848 1611 2894 773.
1623 2847 1725 2896 Eosdem
1731 2862 1775 2896 an·

994 2907 1773 2974 nasiussiaddiderisDiodoriannoitlla.c.,uaucisoerisanaum

998 2981 1068 3037 1117,
1077 2978 1163 3038 quiesi
1172 2992 1228 3028 terre
1237 2980 1347 3040 Troiane
1361 2980 1429 3041 longe
1441 2983 1611 3031 celeberrima.
1621 2988 1674 3046 lpse
1686 2988 1774 3035 Demo

994 3047 1069 3095 oritus
1083 3047 1139 3096 inde
1157 3060 1228 3097 asoa
1245 3062 1294 3097 reru
1313 3052 1416 3111 Trojano
1431 3052 1464 3099 ita
1481 3066 1609 3102 numerare
1627 3068 1679 3103 non
1694 3057 1774 3117 potuit

995 3114 1033 3176 (id
1044 3115 1108 3176 quod
1122 3130 1193 3165 nemo
1202 3131 1251 3165 aon
1259 3118 1368 3181 intelligit
1375 3121 1398 3181 )‚
1408 3120 1449 3169 scd
1457 3121 1477 3169 is
1485 3121 1527 3183 qui
1536 3123 1629 3184 prieurs
1636 3126 1719 3185 posuit
1726 3140 1772 3174 au·

994 3184 1100 3233 nosillos
1113 3190 1173 3246 72³,
1190 3187 1345 3249 differentia),
1355 3203 1411 3251 qum
1425 3193 1461 3239 cst
1471 3192 1533 3241 inter
1550 3192 1657 3242 diversas
1670 3196 1774 3257 epochas

994 3252 1264 3317 belliTrojani,justam
1276 3258 1361 3310 habuit
1376 3260 1502 3309 rationem.
1521 3262 1566 3310 liic
1581 3266 1623 3323 qui
1635 3264 1721 3325 suerii,
1737 3267 1771 3314 in·

995 3325 1089 3389 certum
1099 3326 1197 3385 quidem
1207 3329 1255 3387 cst,
1266 3328 1389 3389 probabile
1398 3331 1478 3378 tamen
1489 3330 1559 3379 hiisse
1575 3335 1699 3383 auctorem
1714 3338 1768 3384 Dio·

994 3393 1061 3450 dori,
1080 3394 1193 3455 quoniam
1211 3408 1263 3445 mia
1278 3398 1381 3458 Troiana
1398 3401 1455 3448 anni
1475 3406 1532 3450 1217
1549 3402 1713 3463 antiquiorum
1727 3420 1771 3454 au·

993 3457 1088 3503 ctorum
1103 3468 1153 3504 csse
1171 3456 1239 3505 solet.
1257 3464 1290 3507 Ac
1300 3472 1384 3507 revera
1396 3472 1460 3509 anuo
1478 3462 1527 3509 iere
1543 3466 1588 3511 191
1607 3468 1771 3519 Democritum

994 3527 1078 3571 natum
1094 3524 1178 3584 luisse,
1199 3538 1290 3587 suaque
1301 3528 1386 3576 itinera
1401 3531 1457 3577 ante
1471 3531 1619 3580 Herodotum
1641 3536 1771 3587 absolvisse

995 3593 1039 3653 (ci.
1050 3593 1193 3645 Dahlmaau.
1208 3598 1389 3658 Forschunccn
1402 3602 1448 3647 etc.
1464 3603 1498 3659 11,
1516 3608 1540 3661 1,
1551 3614 1575 3661 p.
1587 3605 1613 3649 sl
1622 3605 1629 3661 )
1638 3608 1665 3651 ot
1677 3610 1770 3656 statua-

995 3674 1048 3709 mus
1058 3662 1135 3711 multa
1146 3678 1189 3712 nos
1198 3664 1316 3714 adducere
1325 3668 1421 3716 deberit.
1435 3668 1481 3717 Sed
1492 3670 1545 3717 hae
1553 3671 1604 3731 jam
1618 3673 1676 3721 nihil
1689 3676 1719 3723 ad
1729 3691 1772 3726 nris

994 3732 1121 3791 pertinent.
1134 3734 1186 3780 Hoc
1197 3736 1292 3782 tauhun
1301 3734 1372 3797 oddo,
1391 3750 1482 3786 anuum
1498 3740 1605 3788 natalem
1621 3746 1771 3805 Anaxagora

994 3800 1026 3848 ab
1036 3801 1180 3863 Apollodoro
1193 3804 1239 3863 (ir.
1257 3809 1297 3864 ar,
1309 3806 1363 3853 ooli.
1381 3808 1424 3868 sl)
1440 3812 1608 3869 computatum
1620 3823 1671 3859 ease
1685 3827 1699 3860 c
1716 3816 1771 3863 ioco

998 3871 1127 3919 Democriti
1137 3886 1175 3933 ap.
1188 3874 1285 3934 Diogen.
1299 3879 1340 3935 tx,
1350 3879 1390 3936 11,
1400 3877 1502 3939 ideoque
1516 3879 1546 3926 ab
1555 3893 1628 3938 anno,
1639 3896 1711 3941 quem
1724 3888 1771 3933 De-

995 3940 1088 3988 mocriti
1096 3941 1215 3991 natahbus
1223 3945 1422 4006 auctorassigaat.
1431 3947 1770 4004 inuliaomniaabitlluilach.

997 4084 1076 4133 locris
1085 4086 1173 4134 italicis
1182 4086 1292 4147 oriundo,
1302 4091 1464 4141 conhorcrsia
1474 4094 1524 4153 cst,
1532 4106 1563 4141 an
1573 4094 1592 4142 is
1600 4097 1697 4145 Paanas
1707 4111 1771 4147 oom-

995 4162 1113 4220 pcsuerit;
1135 4163 1214 4211 ierunt
1232 4163 1297 4211 enim
1317 4177 1373 4213 eum
1392 4168 1498 4216 carmina
1517 4168 1651 4232 scripsisse,
1666 4186 1771 4234 quorum

996 4238 1089 4288 heroica
1108 4240 1196 4290 luerint
1213 4256 1251 4291 res
1267 4244 1345 4304 gestas
1359 4244 1470 4293 habentia
1486 4252 1639 4310 argumenta;
1653 4264 1729 4312 eaque
1739 4256 1771 4303 cb

995 4315 1056 4363 hauc
1073 4330 1169 4365 causum
1185 4312 1285 4367 luisses
1300 4320 1444 4381 quibusdam
1463 4322 1627 4384 dithyrambos
1639 4330 1770 4380 nominata.

996 4394 1104 4444 Eundem
1110 4386 1217 4446 ¹Ghucus
1227 4398 1327 4447 Thaleta
1343 4401 1497 4459 posteriorem
1511 4402 1583 4451 luisse
1592 4404 1683 4453 scribit.

1361 4499 1387 4549 5.

1027 4602 1378 4667 Pythagoricorumquempiam
1384 4606 1485 4655 audiisse
1493 4610 1655 4659 Derriocrilum
1663 4614 1770 4664 Glaucus

995 4679 1113 4739 Rheginus
1121 4684 1212 4742 narrat,
1222 4683 1263 4743 qui
1273 4682 1355 4730 iisdem
1364 4685 1438 4743 atque
1447 4683 1487 4731 ille
1495 4687 1642 4746 temporibus
1652 4690 1720 4739 vixit.
1731 4693 1770 4740 Ait

994 4768 1050 4803 vero
1059 4755 1130 4803 ctiam
1143 4757 1297 4817 Apollodorus
1306 4759 1436 4820 cyzicenus
1445 4773 1501 4809 cum
1518 4762 1625 4811 Philoleo
1640 4776 1696 4814 eum
1710 4782 1768 4816 οιιιι-

993 4830 1144 4878 suetudinem
1159 4830 1277 4881 habuisse.

1361 4916 1386 4964 6.

1025 5002 1193 5064 Empedoclem
1202 5003 1304 5053 Thurios
1315 5006 1406 5055 senisse
1412 5043 1419 5068 ,
1430 5020 1505 5067 quirin
1516 5020 1598 5056 rrccns
1608 5008 1701 5057 condita
1712 5012 1772 5060 urbs

994 5084 1067 5142 essct,
1077 5081 1172 5128 lrarhrlit
1183 5082 1292 5129 Glaucus.
