3834 5767
187 371 244 418 280

770 349 1000 414 tatstoxtttt
1021 345 1228 408 Tantn'ttnt
1323 404 1328 412 .

188 482 261 562 ρικθς
281 483 384 548 τελετάς
406 487 549 558 μυηθῆναι·
567 479 609 538 ὅτε
626 482 660 553 ll.
675 485 689 538 δ
702 473 748 556 δὲ)
767 479 915 555 Καμθύσης
929 484 964 557 τῇ
1009 476 1126 551 κύματος
1137 475 1232 554 χωρὶς,
1246 479 1282 539 ὡς
1300 472 1447 553 ΙΙορρύριος
1461 475 1487 531 έν
1503 474 1691 553 τῇΦιλυσόριρ
1702 473 1785 532 ‘iata-

190 571 371 649 Πολυκράτους
385 567 497 650 [μέχρι]
507 567 639 647 τυραννίδι
648 566 804 646 συνεχρόνει,
815 567 847 638 ἣν
862 565 964 644 φεύγων
1009 563 1052 643 ρίφ
1063 563 1153 644 φησίν.

189 660 225 722 εἰς
239 658 371 731 Αἴγυπτον
387 657 522 732 μιτῆλθεν.
539 655 585 718 Δίς
600 644 643 710 σύν
657 651 838 734 ἀφαιρεθείσης
853 658 899 724 τῆς
917 674 965 710 πε-

191 745 291 822 ριόδου,
307 743 422 801 τουτέστι
437 743 473 807 tt<
495 747 547 799 τῶν
566 740 620 805 σις’
634 743 714 814 ἐτῶν,
729 739 808 798 λοιπά
820 740 918 816 γίνεται
931 737 965 796 τδι

190 836 235 888 τοῦ
249 831 305 907 βίου
320 833 397 888 αὐτοῦ
411 829 455 886 πθ
461 874 467 888 .

232 921 296 974 dira
317 920 454 989 Trojana,
468 937 529 989 quae
541 918 633 972 subest
646 917 688 970 his
702 917 833 984 calculis,
849 933 883 970 ex
896 925 965 972 vett.

190 1017 334 1076 systemate
362 1005 566 1077 chronologico
592 1003 719 1058 incidisse
749 1003 835 1057 debet
864 1003 894 1054 in
917 1019 966 1056 an.

196 1091 267 1147 rond
288 1093 342 1162 l:
360 1091 456 1156 txt't
479 1107 505 1145 a.
521 1092 632 1164 Olymp.
659 1089 689 1164 ι)
707 1121 743 1132 -
769 1088 853 1144 1018.
870 1086 968 1160 ltaque

190 1190 270 1234 nutus
285 1179 455 1250 Pythagoras
470 1176 526 1250 596
539 1178 583 1230 vei
600 1175 656 1230 586
673 1187 737 1230 ante
752 1177 852 1232 Christ.
867 1176 969 1229 Poste-

192 1269 250 1320 rior
271 1285 358 1320 unnus
376 1264 496 1336 quadrat
517 1282 580 1318 cum
606 1275 741 1336 computo
763 1261 968 1328 Eratosthenis,

192 1354 269 1424 cujus
283 1353 339 1407 rid.
353 1353 387 1408 i'r.
404 1351 439 1424 θ,
454 1369 517 1404 curn
532 1361 599 1406 nota
614 1350 800 1422 Bernhardyi.

557 1494 603 1551 nt.

232 1635 365 1688 Marcion.
378 1633 490 1704 Capelin
504 1633 556 1697 lX,
567 1649 597 1702 p.
614 1649 665 1699 ¹77
682 1630 727 1684 ed.
738 1631 822 1684 tietb.
842 1649 848 1682 ι
863 1625 969 1700 Ptelea·

192 1725 269 1792 ροισι
290 1725 377 1774 etiam
395 1721 546 1774 detererent
559 1715 700 1787 ferociam
716 1722 805 1769 animi
825 1717 899 1770 tibiis
922 1727 972 1768 aut

189 1807 294 1872 fidibus
304 1807 464 1867 mollientes,
477 1821 538 1856 curn
547 1803 705 1874 corporibus·
713 1801 859 1854 adltoerere
868 1819 970 1854 nexum

186 1890 286 1960 ⁸sterius
299 1898 469 1946 artistarum.
482 1889 617 1944 Membris
631 1905 737 1960 quoque
756 1890 871 1941 latentes
885 1893 971 1941 inten-

193 1998 283 2033 serere
295 1997 420 2033 niteretur
429 1995 483 2031 non
492 1980 650 2048 contempni,
662 1977 720 2029 lloc
729 1980 814 2028 etiam
825 1977 970 2029 Aristoxe-

195 2083 247 2118 nus
258 2065 490 2136 l{rtlingora.rqce
504 2073 647 2116 testantur.
660 2063 731 2116 Rem
744 2063 862 2134 tetigisse
873 2062 970 2115 saitem

193 2154 223 2204 in
250 2151 364 2224 Pythng.
383 2151 490 2222 placitis
515 2149 713 2203 Aristoxenum
734 2157 969 2213 comentaneum;

195 2237 291 2290 curtem
303 2238 362 2290 aiiis
371 2237 439 2290 locis
448 2237 550 2290 iterum
564 2244 592 2288 et
601 2235 699 2306 saepius
708 2234 877 2304 exposuerit.

234 2325 358 2378 Cramer}
381 2321 489 2378 nnecd.
513 2321 629 2376 Parisin.
653 2321 681 2386 l,
699 2337 728 2392 p.
753 2336 806 2388 ¹7²
830 2338 839 2372 ι
862 2313 971 2374 'Orici

197 2409 387 2487 Πυθαγορικοὶ,
400 2409 434 2472 rh<
457 2406 507 2485 ἔφη
525 2402 709 2484 Ἀριστόξενος,
723 2403 848 2481 καθάρσει
858 2405 972 2480 ἐχρῶντο

197 2501 242 2554 τοῦ
258 2493 305 2570 μέν
319 2494 439 2571 σώματος
455 2495 498 2551 διὰ
512 2496 558 2562 τῆς
579 2494 710 2568 ἰατρικῆς,
724 2495 771 2561 τῆς
785 2489 811 2551 δέ
825 2493 912 2568 ψυχῆς
928 2489 972 2546 διὰ

195 2587 240 2651 τῆς
266 2587 399 2660 μουσικῆς.
429 2583 483 2656 (ln
507 2581 604 2638 iisdem
628 2581 794 2647 Anecdotis,
811 2582 842 2649 1,
871 2599 900 2653 p.
934 2578 971 2634 56

196 2673 380 2744 fragmentum
404 2681 443 2724 est
458 2670 494 2723 de
513 2667 713 2741 septemdecim
735 2667 827 2722 modis
846 2668 972 2742 musicis,

196 2777 268 2830 quos
282 2760 464 2812 Aristoxenus
488 2755 672 2828 distinxerit.)
696 2783 735 2796 -
753 2742 802 2808 De'
817 2755 970 2828 Hippone,

197 2849 279 2915 qrirm
293 2844 474 2916 Pythagoreis
486 2859 671 2896 annumerare
684 2841 766 2906 iicet,
781 2839 839 2896 rid.
851 2841 888 2898 ir.
902 2839 951 2895 38.

408 2969 493 3028 tion*
516 2967 757 3027 ΣΩΚΡΑΤΟΥΣ.

454 3127 462 3151 i
561 3112 608 3170 αθ.

237 3251 358 3323 Diogen,
375 3252 467 3306 Lucet.
487 3251 527 3315 tt,
546 3267 600 3322 19:
621 3246 743 3313 Ἀκούσας
759 3247 786 3305 δέ
799 3246 973 3327 (Σωκράτης)

199 3333 386 3411 Ἀναξαγόρου,
402 3337 471 3390 κατά
484 3334 569 3402 τινάς,
584 3334 650 3409 μετὰ
664 3333 710 3402 τὴν
721 3334 817 3392 ἐκείνου
829 3334 973 3406 καταδίκην

198 3423 331 3490 διήκουσεν
346 3421 485 3499 Ἀρχελάου
501 3425 547 3479 τοῦ
561 3413 682 3502 φυσικοῦ·
698 3413 728 3481 ού
745 3423 789 3480 καὶ
802 3423 911 3480 παιδικά
928 3446 972 3498 γε-

198 3508 285 3566 νέσθαι
298 3508 375 3588 φησίν
391 3507 569 3586 Ἀριστόξενος.

238 3599 336 3654 Suidas
349 3617 378 3652 ν.
396 3596 539 3674 Σωκράτης
564 3619 571 3652 2
597 3595 770 3676 Ἀριστόξενος
789 3597 813 3656 δ’
834 3595 973 3676 Ἀρχελάου

199 3685 302 3760 πρῶτον
316 3681 393 3738 αὐτὸν
408 3683 544 3740 διακοῦσαι
556 3683 639 3760 λέγει’
653 3682 783 3760 γεγονέναι
795 3682 817 3741 δ’
834 3687 912 3741 αὐτοῦ
927 3682 973 3743 καλ

136 3765 141 3774 ’
200 3769 307 3826 παιδικά
316 3792 326 3806 ·
335 3769 506 3848 σφοδρότατόν
520 3793 546 3827 τε
559 3770 619 3850 περὶ
634 3770 666 3827 τά
681 3770 832 3850 ἀφροδίσια,
842 3771 899 3828 ἀλλ’
912 3771 972 3828 aiht-

201 3935 237 3982 bia
249 3946 349 3986 numero
360 3934 518 3984 detentorum
530 3939 555 3984 et
570 3935 674 3986 sedecim
687 3949 822 3998 annorum,
835 3938 927 3999 reliqua
938 3939 975 3986 cst

200 4025 294 4062 sumna
305 4025 423 4062 anncrum
435 4013 491 4062 ritae
498 4013 562 4063 titius
574 4015 619 4063 riri
633 4015 738 4065 dirorum
749 4029 823 4079 supra
834 4019 967 4078 octogenos

438 4119 528 4179 vtTn
550 4121 746 4181 SOCRATIS.

235 4299 389 4346 Aristoxenus
399 4297 458 4346 dicit
472 4219 716 4360 sonatdd'pnmnm
732 4299 834 4350 audiisse
846 4301 979 4350 aetenum

204 4374 295 4435 ipsique
307 4373 331 4421 in
345 4371 436 4422 deliciis
453 4373 524 4422 titisse
537 4395 542 4424 :
554 4378 578 4423 et
592 4375 689 4424 libidine
705 4387 807 4424 venerea
819 4377 923 4427 maxime
939 4378 980 4426 tla-

203 4461 299 4510 prasse,
322 4448 364 4497 aad
386 4449 436 4498 sine
452 4449 552 4510 injuria,
570 4454 598 4499 ut
620 4451 653 4500 ait
672 4453 820 4514 Porphyrius
831 4453 858 4501 in
875 4455 978 4504 {tutoris

205 4526 374 4588 philosophice.
568 4595 603 4644 26

237 4671 391 4720 amissenus
409 4672 530 4732 Spintheri
549 4673 612 4722 istius
630 4676 756 4724 &cratein
768 4675 827 4726 dicit
841 4677 913 4726 etiam
931 4692 980 4726 rem

1375 651 1423 707 αθ,

1051 759 1135 830 ὓίορ.
1156 758 1190 813 L.
1214 757 1258 822 11,
1283 772 1321 808 no
1347 773 1354 808 :
1376 751 1452 821 Φησλ
1474 753 1497 810 δ’
1519 752 1597 810 αὐτὸν
1618 749 1789 830 Ἀριστόξενος

1012 847 1026 900 θ
1037 842 1185 918 Σπινθάρου
1197 839 1243 898 καλ
1255 837 1483 917 χρηματίσασθαι·
1495 838 1596 896 τιθέντα
1610 845 1671 916 γοῦν
1685 837 1716 895 rh
1728 840 1789 914 βαλ-

1012 931 1119 1004 λόμενον
1126 928 1211 1008 κέρμα
1219 927 1353 1006 ἀθροίζειν,
1363 917 1589 984 detrahebam
1597 925 1677 982 πάλιν
1683 923 1788 983 τιθέναι.

1371 1051 1419 1102 ²7·

1051 1140 1191 1196 Plutarch.
1207 1141 1249 1193 De
1268 1139 1384 1212 maligna.
1401 1139 1469 1192 Her.
1485 1155 1515 1210 p.
1529 1135 1586 1192 856
1597 1137 1640 1206 ,C
1656 1151 1665 1191 ε
1686 1131 1737 1198 Ὦς
1750 1133 1790 1188 ἐπὶ

1014 1226 1169 1305 Σωκράτους
1185 1222 1369 1301 Ἀριστόξενος,
1384 1220 1539 1279 ἀπαίδευτον
1560 1221 1606 1279 καὶ
1625 1223 1718 1295 άμαθῆ
1746 1223 1789 1276 καὶ

1014 1312 1159 1370 ἀκόλαστον
1171 1311 1269 1384 εἰπὼν,
1285 1309 1441 1386 ἐπήνεγκεν,
1457 1308 1544 1366 άδικία
1557 1309 1579 1364 δ’
1596 1309 1627 1365 ού
1637 1311 1751 1386 προσῆν.

1052 1400 1197 1456 Theodor.
1210 1399 1315 1476 Θεραπ.
1324 1400 1393 1469 xit,
1406 1414 1435 1471 p.
1446 1399 1520 1466 673,
1532 1403 1556 1452 Α
1570 1417 1576 1451 :
1591 1394 1671 1454 Καλθ
1686 1392 1791 1471 Πορφύ-

1015 1509 1067 1566 ριος
1085 1485 1113 1542 δέ
1125 1484 1173 1554 τὴν
1187 1484 1337 1564 Φιλόσοφον
1357 1483 1486 1561 Ἱστορίαν
1500 1481 1667 1561 συγγράψας,
1689 1485 1791 1557 πρῶτον

1015 1572 1062 1647 μέν
1075 1570 1153 1628 αύτθν
1162 1569 1306 1648 άκρόχολον
1315 1569 1361 1628 καλ
1373 1569 1512 1647 εύόργητον
1521 1568 1608 1646 είρηιιε
1621 1571 1792 1644 γιγενῆσθαι,

1014 1657 1180 1740 Ἀριστοξένῳ
1193 1659 1305 1738 μάρτυρι
1318 1655 1493 1736 κεχρημένος,
1507 1655 1550 1713 τὸν
1564 1654 1723 1733 Σωκράτους
1739 1653 1792 1730 βίον

1014 1745 1211 1825 tanneris·
1893 1752 1895 1773 '

1054 1837 1183 1906 Synesius
1195 1829 1506 1904 Encom.Caivit.p.81
1521 1826 1617 1889 ιἘπιί
1627 1849 1668 1884 τοι
1678 1827 1726 1884 καὶ
1734 1829 1793 1886 Συ-

1014 1915 1111 1996 κράτην
1126 1915 1192 1974 αὐτά
1206 1915 1289 1974 ταῦτά
1303 1937 1382 1995 φησιν
1396 1913 1582 1991 Ἀριστοῖτνος,
1598 1918 1635 1980 ὡς
1649 1913 1729 1993 φύσει
1748 1913 1794 1990 γέ-

1014 2026 1072 2079 γονε
1085 2002 1183 2081 τραχὺς
1194 2005 1230 2068 τίς
1241 2001 1336 2082 ὀργὴν,
1350 2001 1396 2058 καί
1407 2000 1485 2060 θπότα
1499 2001 1641 2078 κρατηθείη
1651 2005 1691 2082 τῷ
1702 1999 1794 2068 πάθοι,

1015 2089 1058 2148 διά
1073 2087 1159 2159 πάσης
1170 2087 1355 2168 ἀσχημοσύνης
1370 2087 1494 2156 ἐθάδιζιν.
1894 2104 1895 2123 ³

1381 2193 1428 2248 αθ.

1054 2300 1174 2373 Cyrillus
1181 2299 1213 2356 C.
1229 2300 1286 2352 tul.
1304 2299 1355 2352 iih.
1373 2299 1423 2366 VI,
1435 2317 1468 2370 p.
1483 2297 1553 2366 208,
1565 2297 1793 2368 exPnrphyrioz

1015 2383 1088 2464 Φέρε
1107 2383 1158 2462 γάρ
1172 2383 1268 2459 ίδωμεν
1286 2382 1331 2439 καὶ
1349 2382 1400 2460 πρό
1422 2404 1452 2460 γι
1476 2385 1528 2439 τῶν
1546 2382 1633 2439 ἄλλων
1653 2382 1743 2446 ὁποῖος
1765 2371 1797 2452 ἦν

1015 2469 1175 2540 θδιαθόητος
1184 2469 1247 2548 παρ’
1258 2471 1345 2534 αὐτοῖς
1358 2468 1514 2549 Σωκράτης·
1525 2467 1738 2537 καλ-ἀπιστήσειε
1750 2466 1797 2543 μέν
1896 2522 1897 2525 ,

1015 2557 1077 2623 ἴσοις
1090 2558 1251 2614 άπαστισοῦν
1268 2559 1322 2621 τοῖς
1334 2555 1395 2635 περλ
1414 2556 1505 2614 τούτου
1522 2557 1623 2631 λόγοις·
1640 2557 1671 2612 αθ
1689 2554 1744 2630 μὴν
1759 2554 1795 2610 έτι

1016 2644 1126 2708 καὶτοῖς
1142 2640 1290 2721 Πορφυρίου
1299 2642 1452 2728 γράμμασιν
1464 2645 1580 2721 σἰντεριῖ,
1591 2641 1618 2706 δς
1628 2643 1672 2699 τὸν
1684 2639 1796 2698 ἑκάστω
1897 2642 1898 2663 ’

1016 2735 1068 2790 τῶν
1079 2727 1257 2808 ἀρχαιοτέρων
1267 2729 1457 2803 άπισημήνατο
1469 2729 1539 2807 βίον·
1552 2728 1649 2793 σκοπὸς
1663 2727 1716 2806 γάρ
1725 2719 1795 2790 οὗτος

1016 2841 1118 2896 γεγονεν
1132 2818 1218 2896 αὐτῷ,
1232 2815 1278 2874 καὶ
1291 2818 1390 2885 πολλῆς
1399 2816 1497 2886 ἠξίωσε
1510 2815 1542 2873 τὸ
1561 2821 1656 2894 χρῆμα
1669 2816 1795 2884 σπουδῆς.
1898 2871 1900 2878 ,

1016 2901 1090 2983 Ἔφη
1109 2903 1194 2961 τοίνυν
1206 2901 1255 2961 ὡδὶ
1268 2902 1328 2981 περὶ
1341 2907 1433 2962 αὐτοῦ.
1452 2901 1529 2978 Λέγει
1543 2901 1571 2960 δὲ
1591 2907 1607 2959 θ
1627 2899 1798 2974 Ἀριστόξενος
1898 2920 1899 2939 ι

1017 2990 1195 3072 ἀφηγούμενος
1225 2988 1270 3046 τὸν
1300 2989 1357 3067 βίον
1379 2994 1425 3046 τοῦ
1454 2991 1517 3048 Σωκ
1542 2990 1625 3060 ’τους,
1654 2987 1797 3058 ἀκηκοέναι

1018 3077 1165 3157 Σπινθάρου
1180 3075 1215 3134 τά
1229 3076 1289 3152 περὶ
1300 3078 1393 3147 αὐτοῦ,
1409 3069 1481 3148 &iv
1504 3013 1550 3142 τίςα
1557 3080 1609 3134 τῶν
1623 3075 1709 3154 τούτῳ
1723 3079 1796 3132 ἐντυ-

1017 3165 1128 3245 χόντων·
1141 3167 1228 3222 τοῦτον
1240 3163 1343 3240 λέγειν,
1362 3162 1402 3220 ότι
1420 3165 1449 3221 ού
1468 3165 1574 3229 πολλοῖς
1584 3163 1663 3229 αθτός
1675 3185 1708 3240 γε
1720 3165 1799 3219 πιθα·

1018 3249 1135 3328 νωτέροις
1146 3248 1321 3328 ἐντετυχηκὼς
1332 3248 1389 3320 τίη·
1399 3249 1522 3320 τοιαύτην
1535 3241 1600 3307 εἶναι
1610 3248 1657 3320 τηίι
1669 3271 1699 3306 τι
1709 3248 1798 3328 φωνὴν

1017 3337 1063 3396 καί
1084 3337 1114 3394 τὸ
1131 3336 1216 3410 στόμα
1242 3336 1287 3394 καλ
1304 3335 1334 3394 rh
1355 3337 1552 3416 ἐπιφαινόμενον
1567 3328 1640 3407 ἦθος,
1660 3337 1708 3393 καλ
1733 3335 1798 3416 πρὸς

1017 3434 1083 3482 πᾶσι
1093 3423 1120 3481 δέ
1134 3424 1185 3489 τοῖς
1197 3420 1338 3502 εἰρημένοις
1352 3421 1399 3494 τὴν
1413 3429 1458 3481 τοῦ
1477 3423 1559 3490 εἴδους
1577 3422 1711 3492 ἰδιότητα·
1732 3424 1800 3499 γίνε-

1018 3517 1078 3571 σθαι
1095 3509 1123 3569 δέ
1138 3534 1187 3569 που
1203 3515 1292 3580 τοῦτο,
1304 3508 1347 3568 ὅτε
1359 3509 1397 3586 μὴ
1407 3510 1534 3590 ὀργίζοιτο
1544 3555 1553 3583 ,
1564 3510 1607 3568 ὅτε
1623 3510 1650 3566 δὲ
1669 3509 1800 3589 φλεχθείη

1018 3598 1070 3656 ὑπὸ
1079 3604 1125 3657 τοῦ
1136 3596 1233 3664 πάθους
1244 3596 1350 3667 τούτου,
1361 3598 1445 3668 δεινὴν
1457 3589 1581 3668 εἶναιτὴν
1593 3597 1800 3676 ἀσχημοσύνην·

1018 3683 1118 3750 οὐθενὸς
1135 3682 1186 3762 γάρ
1215 3683 1275 3742 οὔτε
1295 3683 1420 3761 ὀνόματος
1446 3683 1625 3763 ἀποσχέσθαι,
1644 3682 1705 3742 οὔτε
1731 3685 1799 3759 πρά·

1017 3793 1125 3847 γματος.

1053 3937 1188 3986 Praesertim
1200 3950 1276 3998 quum
1293 3937 1377 3986 eadem
1389 3939 1419 3986 de
1428 3941 1527 3988 Socrate
1533 3937 1620 3989 dixerit
1629 3936 1801 3995 Ατίοθοιεαιιο,

1022 4015 1109 4061 natura
1121 4013 1189 4062 ilium
1200 4013 1231 4061 ad
1246 4013 1395 4063 iracundiam
1405 4014 1477 4064 [υὶοτο
1487 4015 1631 4075 incitatiori,
1641 4028 1697 4078 que
1712 4015 1800 4064 οἰοιαΙ·

1025 4091 1099 4152 atque
1110 4103 1166 4138 eum
1178 4090 1317 4152 turnasset,
1329 4091 1440 4141 indecore
1450 4105 1546 4154 proram
1556 4105 1607 4142 τωο
1614 4093 1723 4152 μαίνοιτ.

1387 4206 1431 4255 28.

1054 4310 1184 4360 videamus
1196 4325 1253 4372 ergo
1267 4311 1345 4372 qualia
1358 4324 1408 4373 prta
1424 4313 1509 4361 ceteris
1526 4313 1619 4360 celeber
1631 4312 1672 4361 iiie
1685 4315 1801 4363 mast«

1023 4386 1104 4435 tuerit.
1122 4389 1171 4436 Nec
1189 4387 1250 4436 sorte
1265 4390 1356 4437 temere
1374 4389 1429 4450 quis
1445 4388 1516 4437 iidem
1533 4388 1647 4438 omnibus
1663 4389 1803 4450 adhibebit,

1023 4475 1079 4524 qua
1087 4463 1165 4512 ticillo
1174 4467 1310 4514 narrantur.
1322 4465 1530 4526 Porphyriitamen
1539 4464 1805 4526 scriptiscoutradirerr

1023 4553 1072 4588 non
1081 4543 1207 4601 poterant,
1217 4541 1259 4602 qut
1271 4541 1461 4602 dembquorum
1470 4541 1525 4590 ritis
1530 4541 1667 4603 nomitatim
1676 4546 1804 4605 exposuit,

1023 4619 1097 4677 atque
1112 4629 1167 4664 eum
1184 4617 1211 4665 in
1225 4617 1298 4666 linem
1319 4616 1392 4666 studii
1416 4618 1622 4679 quamplurimum
1638 4619 1767 4679 impendit.
1783 4623 1805 4668 ts

1024 4691 1096 4752 igitrn
1107 4691 1159 4742 huc
1168 4693 1199 4741 de
1209 4705 1242 4741 ea
1250 4693 1331 4743 relect.
1345 4692 1515 4754 amtoxenus,
1527 4693 1589 4742 dum
1605 4696 1712 4744 socrate
1727 4698 1805 4744 titani

205 4745 364 4810 pecuniariam
372 4747 455 4796 fecitne
465 4767 471 4795 ι
481 4749 558 4810 posita
567 4751 630 4798 enim
641 4751 723 4800 tenori
735 4751 834 4813 pecunia
842 4755 981 4804 nummulos
1024 4771 1120 4828 uffae,
1131 4769 1166 4817 ,tr
1177 4781 1228 4818 sm
1239 4769 1393 4831 spintharum
1404 4769 1508 4819 soen&
1526 4770 1667 4819 familiarum
1683 4771 1805 4820 andane

205 4825 342 4886 collegisse:
355 4839 411 4873 mox
426 4826 461 4874 bis
470 4828 601 4878 consumtis
611 4831 639 4888 (i)
652 4828 834 4880 iterurnsortem
850 4832 964 4894 posuisse.

573 4911 617 4958 at.

237 4990 269 5036 ur
279 4987 488 5050 aristomenem
496 5001 571 5050 quum
580 4993 701 5039 Socratem
709 4991 980 5055 inerudituminscium,

204 5065 358 5141 ιΙιιιιθιιιοιυιιι
368 5063 492 5127 dixissset,
503 5065 583 5128 addit,
593 5065 710 5128 iniustitia
721 5071 801 5118 umen
813 5069 903 5119 aberat.

1024 4842 1197 4905 affirmantem,
1207 4845 1273 4906 qaod
1282 4844 1307 4894 in
1314 4845 1408 4894 unitum
1414 4859 1521 4908 anquam
1530 4847 1666 4908 incidisset,
1676 4849 1715 4895 cai
1724 4849 1805 4910 major

1025 4919 1097 4968 tuerit
1108 4919 1145 4968 sis
1155 4921 1325 4983 persuadendi,
1335 4925 1361 4971 et
1369 4922 1399 4970 ad
1409 4922 1455 4970 boc
1467 4936 1551 4972 rocem
1563 4925 1588 4972 et
1600 4922 1696 4972 ruitum
1709 4936 1805 4973 mores·

1025 5007 1073 5057 que
1083 4996 1136 5058 ejus
1144 4997 1216 5047 inisse
1227 4999 1386 5060 compositos,
1396 5002 1419 5047 et
1428 5001 1509 5060 gestan
1517 5000 1616 5062 singuiis
1625 5001 1696 5049 dietis
1703 5013 1804 5049 accom-

1025 5072 1141 5122 modatos.
1152 5075 1370 5136 tiquetsiememn
1381 5074 1452 5124 inisse
1460 5077 1495 5124 ait
1503 5090 1578 5138 qiirim
1586 5090 1633 5125 uon
1646 5079 1805 5138 irasceretur,
