3834 5767
840 373 1087 434 FRAGMENTA.
1679 381 1737 436 419

99 560 105 571 ,
147 501 233 582 σφίσιν
257 503 355 562 ιἰνεῖται
373 500 497 581 σοφιστὴν
520 503 549 560 ἐκ
571 464 665 568 πάντὀς
685 501 771 580 γένεος
793 502 921 580 γενέσθαι.
967 507 1025 580 ροῦν
1037 501 1132 583 θηρίων
1149 502 1194 561 καὶ
1208 506 1259 561 τῶν
1273 503 1458 582 σπερμολόγων
1476 502 1570 582 όρνάων
1587 509 1742 582 μετροῦνται

141 590 185 648 ίίτι
206 592 235 648 οὐ
250 588 374 666 μαλθακά
392 597 459 648 τοῖσι
481 593 631 670 σοφιστῇσιν
652 589 703 649 stol
715 589 749 646 τά
763 589 921 668 πρήγματα,
965 588 1039 667 παρά
1051 594 1096 647 τοῦ
1110 589 1237 668 βασιλίωε
1247 599 1326 662 σῖτον,
1340 591 1462 661 πλάνητα
1472 591 1518 648 καί
1529 590 1653 661 σκηνίτην
1663 591 1760 675 νεμόχ

145 675 216 734 ἀλλά
229 675 334 734 πάντων
349 675 578 755 ταλαιπωρότατα.
967 697 1039 750 μενοι
1055 675 1122 752 βίον.

967 761 1727 926 .λῑιιαηιειθιιιιιιιιγιξ,ν’

186 937 287 994 Strabo
305 939 369 1006 XV,
384 957 415 1012 p.
432 937 487 1008 703
502 947 565 992 extr
584 956 593 992 ε
610 935 643 1010 (1)
658 934 747 1005 Φησὶ
766 933 798 1006 δὴ
818 934 850 994 τὸ
872 939 922 994 τῶν
1008 934 1074 1012 Περί
1091 934 1138 1009 μὲν
1152 927 1196 992 σόν
1205 939 1257 994 τῶν
1266 937 1361 1015 θηρίων
1372 941 1484 993 τοσαῦτα
1494 934 1611 1012 λίγεται·
1624 934 1742 993 ἐπανιόν-

146 1021 235 1082 Ἰνδιῦν
247 1025 343 1093 πλῆθος
360 1025 395 1088 είς
412 1022 479 1082 ἑπτά
493 1022 560 1101 μίρη
574 1023 726 1101 διῃρῆσθαι,
742 1022 787 1080 καί
807 1022 922 1102 πρώτους
966 1043 1008 1086 τις
1020 1020 1042 1077 δ’
1056 1020 1100 1078 ἐπὶ
1113 1022 1157 1079 τὸν
1172 1023 1365 1099 Μεγασθίνη
1377 1021 1493 1100 λέγωμεν
1503 1022 1536 1080 τά
1549 1021 1618 1094 ἑξῆς,
1627 1013 1663 1080 ῶν
1678 1024 1743 1080 όπε·

144 1108 263 1183 μὲντοὺς
278 1107 430 1190 φιλοσόφους
448 1099 512 1186 εἶναι
530 1107 598 1166 κατὰ
612 1107 701 1181 τιμὴν,
725 1107 875 1186 ἐλαχίστους
895 1107 922 1165 δὲ
967 1107 1086 1182 λίπομεν.

146 1196 204 1254 κατ’
218 1193 335 1276 ἀριθμόν·
353 1199 467 1274 χρῆσθαι
479 1195 502 1251 δ’
517 1195 602 1259 αὐτοῖς
617 1195 669 1272 tila
683 1197 730 1268 μὲν
748 1195 850 1274 ἑκάστῳ
865 1195 923 1261 τοῦς
1008 1212 1031 1255 l.
1051 1192 1127 1252 lteri
1141 1192 1192 1272 γάρ
1205 1193 1263 1261 τοῦς
1276 1193 1401 1273 θηρευτὰς
1413 1196 1458 1252 καὶ
1471 1194 1530 1261 τοῦς
1549 1196 1674 1271 ποιμένας
1690 1194 1743 1252 τί-

146 1281 253 1348 θύοντας
271 1281 288 1354 il
307 1281 364 1348 τοῦς
383 1281 561 1357 ἐναγίζοντας,
581 1285 654 1358 κοινῇ
672 1279 700 1337 δὲ
722 1280 780 1347 τοῦς
802 1281 923 1360 βασιλέας
968 1280 1176 1361 ταρτόνφησιν
1184 1273 1249 1338 ε’ίναι
1257 1282 1396 1360 μίροςτοῦς
1404 1281 1587 1360 ἐργαζομίνους
1595 1281 1642 1348 τέις
1650 1281 1744 1359 τέχνας

146 1369 215 1429 κατά
236 1369 283 1440 τῆν
306 1369 423 1448 μεγάλην
445 1367 586 1446 λεγομίνην
609 1368 725 1440 σύνοδον,
748 1371 806 1426 καθ’
826 1368 858 1439 ἣν
878 1375 923 1428 τοῦ
968 1367 1013 1423 καὶ
1025 1366 1252 1436 τοῦςκαπηλικοῦς
1266 1369 1310 1426 καὶ
1328 1360 1365 1434 οἷς
1378 1370 1431 1426 ἀπὸ
1445 1374 1490 1426 τοῦ
1505 1368 1652 1442 σῶματοςῆ
1667 1369 1743 1446 ἐργα-

146 1457 204 1516 νίου
216 1457 287 1523 ἔτους
300 1455 411 1522 άπαντες
421 1458 444 1514 ol
456 1455 590 1533 φιλόσοφοι
600 1457 638 1535 τῷ
649 1456 751 1533 βασιλεῖ
762 1454 924 1520 συνελθόντες
969 1451 1029 1509 σία·
1044 1444 1080 1510 ῶν
1096 1456 1120 1510 οἱ
1134 1453 1180 1529 μὲν
1195 1456 1271 1534 φόρον
1292 1457 1395 1512 τελοῦσι
1416 1454 1461 1511 καί
1484 1454 1642 1533 λειτουργίας
1662 1453 1745 1531 παρί·

144 1544 191 1622 inl
208 1543 300 1623 θύραι,
315 1542 366 1602 δτι
380 1542 410 1602 δν
429 1542 536 1607 ἕκαστος
554 1543 637 1598 αὐτῶν
658 1541 768 1619 συντάξῃ
789 1545 840 1600 τῶν
854 1565 921 1620 χρη·
968 1562 1059 1618 χονται
1072 1539 1182 1602 τακτάε·
1193 1550 1246 1604 τοῖς
1257 1543 1280 1599 δ’
1291 1542 1438 1608 δπλοποιοίς
1448 1541 1493 1598 καὶ
1503 1550 1646 1619 ναυπηγοῖς
1658 1540 1746 1614 μισθοὶ

147 1632 241 1706 σίμων,
256 1628 274 1700 ἢ
288 1629 388 1707 τηρῆση
403 1628 467 1709 πρδς
478 1627 612 1706 εὐετηρίαν
627 1631 734 1707 καρπῶν
751 1650 779 1686 τε
794 1629 839 1686 καλ
851 1629 923 1696 ζώων
968 1626 1013 1684 καὶ
1023 1626 1117 1706 τροφαὶ
1129 1627 1203 1705 παρά
1217 1627 1343 1705 βασιλέως
1356 1627 1499 1686 ἐκκεινται·
1515 1626 1585 1706 μόνῳ
1598 1625 1650 1704 γάρ
1669 1626 1745 1703 ἐργά-

147 1709 194 1767 καλ
208 1709 268 1787 περὶ
282 1693 428 1782 πολιτείας,
451 1705 573 1787 προφέρει
593 1711 669 1764 τοῦτο
692 1709 727 1772 είς
746 1706 776 1764 τδ
796 1707 924 1782 priona&
968 1715 1065 1780 ζονςαι,
1092 1713 1210 1792 Παρίχει
1233 1712 1260 1772 δέ
1280 1713 1313 1771 τὰ
1337 1713 1384 1790 μὲν
1407 1713 1476 1772 ὅπλα
1498 1717 1550 1780 τοῖς
1575 1713 1746 1792 στρατιώταις

148 1795 170 1854 δ’
192 1795 224 1854 δν
250 1793 304 1874 τρὶς
332 1791 486 1874 ἐψευσμένοι
510 1793 579 1873 ἁλῷ,
606 1791 682 1866 νόμοι
700 1791 755 1850 ἐστὶ
778 1789 854 1868 llll&
881 1793 923 1852 διὰ
969 1805 983 1858 θ
1004 1800 1196 1879 στρατοφύλαξ,
1219 1799 1265 1866 τάς
1286 1801 1313 1858 δέ
1335 1806 1397 1868 ναῦς
1426 1805 1519 1877 μισθοῦ
1548 1804 1601 1866 τοῖς
1623 1799 1744 1859 πλέουσιν

146 1882 221 1960 βίον·
243 1881 286 1940 τὸν
310 1881 337 1940 δέ
358 1880 558 1961 κατορθώσαντα
582 1878 675 1960 ἄφορον
697 1879 742 1938 καὶ
761 1882 840 1952 ἀτελῆ
866 1881 923 1960 κρί-
968 1886 1387 1966 ἐναύαρχοςχαλςοῑςὲμπόροςς.
1414 1923 1422 1938 .

148 1991 229 2029 νουσι.
1008 1994 1032 2030 ιι.
1056 1973 1210 2048 Πέμπτον
1221 1974 1373 2033 ἐστλτδτῶν
1381 1963 1601 2048 πολεμιστῶν,οἶς
1611 1972 1656 2030 τὸν
1668 1971 1746 2030 ἄλλον

187 2077 211 2118 a.
234 2054 360 2134 Δεύτερον
372 2053 398 2113 δὲ
412 2053 488 2134 μέρος
500 2045 565 2112 εἶναι
575 2054 605 2112 τὸ
616 2058 666 2114 τῶν
679 2058 808 2136 γεωργῶν,
820 2054 845 2114 oi
856 2057 925 2113 πλεῖ·
968 2058 1060 2138 χρόνον
1072 2061 1098 2116 ἐν
1112 2063 1195 2137 σχολῆ
1208 2061 1252 2118 καλ
1264 2060 1353 2126 πότοις
1363 2064 1377 2117 θ
1389 2061 1444 2138 βίος
1457 2059 1537 2130 ἐστὶν,
1552 2062 1581 2116 ἐκ
1601 2066 1647 2117 τοῦ
1666 2065 1747 2137 βασι·

148 2141 205 2202 στοί
225 2143 253 2200 τό
274 2145 324 2201 είσι
341 2142 386 2200 καλ
406 2141 606 2214 ἐπιεικέστατοι,
627 2146 649 2200 oi
670 2144 696 2200 ἐν
720 2143 858 2222 δστρατεία
879 2143 923 2200 καλ
968 2149 1042 2205 λαιοῦ
1054 2146 1322 2222 διαιτωμένοις,ῶστε
1337 2144 1585 2218 τδσέίόδους,δταν
1599 2145 1639 2216 είη
1655 2147 1746 2226 χρεία,

149 2231 223 2308 άδείορ
238 2235 282 2287 τοῦ
295 2229 446 2308 ἐργάζεσθαι
463 2229 537 2287 πολει
551 2227 588 2304 μὴ
604 2227 765 2306 προσιόντες,
781 2229 843 2305 μηδ’
856 2227 923 2303 ἄλλῃ
970 2234 1070 2311 ταχέως
1082 2239 1224 2305 ποιεῖσθαι,
1236 2235 1305 2304 πλὴν
1316 2237 1367 2292 τῶν
1380 2234 1509 2310 σωμάτων
1523 2233 1604 2310 μηδὲν
1619 2235 1683 2292 ἄλλο
1696 2257 1747 2292 νιο-

147 2316 239 2394 χρείορ,
251 2316 312 2392 μηδ’
326 2314 434 2394 θχλῆσει
449 2319 535 2394 κοινῇ·
551 2313 674 2380 πολλάκις
688 2320 749 2391 γοῦν
763 2317 790 2372 ἐν
804 2319 841 2393 τῷ
855 2317 925 2392 αὐτῷ
970 2319 1089 2396 μίζοντας
1103 2322 1164 2399 παρ’
1179 2323 1289 2380 ἑαυτῶν.

147 2405 234 2484 χρόνῳ
250 2403 294 2460 καὶ
307 2403 392 2482 τόπερ,
406 2404 458 2469 τοῖς
470 2402 517 2478 μὲν
526 2402 722 2480 παρατετάχθαι
734 2401 871 2478 συμόαίνει
880 2401 924 2460 καὶ
1009 2427 1031 2467 ο.
1044 2406 1162 2468 'Euros
1173 2408 1195 2466 δ’
1204 2406 1268 2465 εἰσίν
1288 2409 1312 2465 oi
1333 2406 1433 2487 ἔφοροι·
1455 2407 1553 2473 τούτοις
1564 2407 1586 2464 δ’
1597 2405 1747 2466 ἐποπτεύειν

149 2483 346 2549 διακινδυνεύειν
372 2489 435 2568 πρδς
458 2489 516 2556 τοὺς
538 2489 690 2565 πολεμίους·
714 2491 737 2547 oi
762 2491 785 2547 δ’
811 2491 924 2567 ἀροῦσιν,
970 2491 1070 2552 δέδοται
1089 2493 1123 2550 τά
1143 2492 1323 2571 πραττόμενα,
1346 2494 1390 2552 καλ
1412 2493 1579 2571 άναγγίλλειν
1604 2493 1687 2572 λάθρα
1708 2497 1746 2572 τῷ

148 2575 166 2647 ῆ
182 2577 340 2637 σκάπτουσιν
356 2575 508 2652 ἀκινδύνως,
522 2575 672 2656 προμάχους
686 2575 788 2654 ἔχοντες
801 2576 921 2643 ἐκείνους.
972 2581 1088 2657 βασιλεῖ,
1104 2579 1239 2658 συνεργοὺς
1251 2572 1413 2649 ποιουμένοις
1426 2579 1472 2645 τάς
1491 2580 1609 2658 ἑταίρας,
1628 2581 1680 2645 τοῖς
1699 2579 1746 2654 plu

146 2659 229 2723 Ἐστι
244 2666 264 2722 δ’
279 2669 296 2735 ἡ
311 2664 385 2743 χώρα
401 2660 523 2742 βασιλικὴ
537 2673 624 2720 πᾶσα·
638 2667 731 2740 μισθοῦ
746 2665 769 2721 δ’
784 2662 864 2734 αὐτὴν
882 2663 924 2722 ἐπὶ
970 2668 1041 2745 ἐντῆ
1055 2665 1130 2724 πόλει
1147 2665 1194 2730 τδς
1210 2667 1238 2723 ἐν
1250 2670 1283 2742 τῇ
1297 2667 1389 2736 πόλει,
1410 2667 1463 2732 τοῖς
1488 2664 1515 2722 δέ
1529 2667 1557 2723 ἐν
1575 2665 1743 2742 στρατοπέδῳ

149 2752 284 2831 τετάρταις
298 2755 447 2831 ἐργάζονται
461 2753 512 2808 τῶν
523 2753 640 2830 καρπῶν.
970 2750 1017 2818 τάς
1040 2752 1142 2811 αὐτόθι·
1167 2752 1337 2810 καθίστανται
1360 2752 1426 2811 δὀί
1453 2751 1554 2834 ἄριστοι
1583 2753 1627 2810 καί
1654 2754 1747 2810 πιστό-

191 2860 213 2901 a.
237 2839 331 2917 Τρίτον
352 2840 381 2898 τὸ
399 2843 451 2896 τῶν
471 2838 600 2915 ποιμίνων
615 2838 660 2897 καί
674 2840 812 2915 θηρευτῶν,
827 2829 862 2904 οἷς
877 2835 923 2914 μό·
970 2861 1054 2899 τατοι.

151 2949 202 2992 νοις
216 2925 297 2994 ἔξεστι
313 2917 426 3006 θηρεύειν
438 2925 483 2984 καὶ
500 2929 745 3005 θρεμματοτροφεῖν,
759 2923 822 2984 ῶνιά
835 2948 862 2983 τε
879 2947 926 2982 πα·
1010 2945 1033 2986 ⁷.
1055 2921 1218 3001 Ἐόδομοι
1231 2927 1285 2984 δὀἱ
1296 2924 1748 3004 σύμόονλοικαίσύνιδροιτοῦβοσι·

151 3012 236 3091 ρέχειν
250 3013 294 3072 καλ
309 3018 401 3090 μισθοῦ
420 3012 510 3089 ζεύγη·
525 3011 582 3070 uiuri
596 3011 623 3070 δέ
637 3017 681 3069 τοῦ
695 3013 742 3081 τὴν
763 3014 811 3088 γῆν
826 3012 924 3068 ἐλευθε-
974 3009 1054 3078 λίως,
1078 3009 1104 3077 ἐξ
1124 3001 1161 3068 ῶν
1173 3010 1207 3069 τά
1221 3012 1315 3090 ἀρχεῖα
1328 3009 1748 3090 καλδικαστῆριακαὶὴδιοίκςσις

151 3179 368 3240 uxoremduoere3
387 3192 431 3228 nee
441 3181 532 3228 eontra.
565 3177 699 3240 Nequeunt
715 3177 927 3228 duasartssexer·
970 3178 1002 3226 sit
1019 3177 1096 3239 repis,
1114 3177 1158 3239 lpsi
1178 3190 1231 3226 enm
1247 3177 1391 3226 conductam
1406 3177 1535 3238 capulent,
1552 3177 1616 3240 pacti
1633 3174 1749 3225 mercedis

151 3268 206 3304 oere
216 3256 251 3304 las
260 3259 295 3305 est
301 3291 309 3316 ,
321 3269 398 3318 noque
413 3269 443 3305 ex
454 3269 502 3304 uno
512 3268 596 3316 genere
606 3255 629 3303 ln
645 3254 709 3303 aliud
720 3256 820 3304 transire
831 3275 837 3303 ι
852 3256 927 3304 veluti
972 3254 1025 3303 looo
1034 3255 1144 3316 quartum
1154 3255 1277 3302 fructuum
1287 3256 1388 3316 partem

151 3331 279 3392 amentem
295 3346 325 3382 ex
338 3334 618 3394 pastore,autpastorem
628 3345 659 3380 ea
670 3331 754 3393 opilice
769 3331 825 3380 lieri.
836 3335 869 3393 (9)
878 3335 928 3380 Ηοο
1004 3337 1026 3379 3.
1042 3331 1150 3379 'lethum
1172 3343 1246 3392 genus
1257 3333 1293 3378 est
1309 3331 1433 3392 pastorum
1450 3331 1476 3380 et
1488 3331 1643 3390 venatorum,
1660 3327 1748 3391 qulbus

150 3410 247 3457 uatum
261 3409 416 3472 permittitur,
425 3409 556 3471 sophistam
569 3421 600 3456 ea
609 3421 752 3470 quocunque
770 3408 926 3469 generationi.
971 3409 1028 3458 solis
1039 3412 1063 3458 et
1080 3409 1163 3458 renarl
1178 3411 1203 3458 et
1220 3422 1316 3470 pascere
1328 3420 1415 3470 peoora
1432 3411 1458 3457 et
1474 3408 1591 3468 rendere,
1602 3411 1628 3456 et
1639 3407 1748 3468 jumenta

153 3489 310 3548 Nequeenim
324 3487 404 3538 mollis
414 3491 450 3538 ml
461 3485 621 3550 sophistarum
638 3487 702 3548 vlla,
718 3485 878 3536 oedomaium
895 3489 923 3536 la·
972 3485 1126 3536 locarelloet.
1158 3489 1205 3535 Pro
1219 3487 1355 3546 eoautem,
1372 3483 1438 3546 quod
1448 3487 1538 3533 mrtem
1555 3483 1636 3533 bestiis
1645 3483 1749 3532 liberant

152 3564 322 3615 boriosissima.
972 3563 998 3610 et
1015 3562 1100 3611 avibus
1114 3562 1206 3612 τοιαῦτα
1224 3562 1370 3623 legentibus,
1386 3562 1526 3610 domomum
1541 3559 1654 3608 humenti
1670 3573 1685 3606 a
1698 3559 1748 3620 regi

248 3687 251 3694 ,
520 3638 563 3688 36.
821 3623 824 3639 ’
972 3639 1107 3702 accipiunt,
1121 3639 1345 3702 vagimmrabundi
1355 3640 1428 3688 vitam
1442 3638 1636 3688 intabemaeulia
1643 3639 1747 3696 agentes.

183 3721 247 3770 Dicit
258 3719 419 3782 Megasthenes
433 3720 509 3768 totam
527 3717 640 3768 ludorum
656 3718 832 3770 multitudinem
851 3719 875 3769 ln
896 3735 928 3770 se
1042 3723 1076 3766 ho
1088 3717 1118 3767 de
1131 3718 1315 3780 bestiisquidem
1322 3718 1450 3780 hactenus;
1460 3717 1561 3766 auncad
1574 3715 1749 3778 megasthenem

152 3802 218 3862 ptem
228 3811 313 3862 genera
323 3798 410 3858 ‹liridi;
420 3811 503 3848 eorum
514 3799 603 3861 mimos
614 3799 702 3848 bonore
711 3798 752 3848 sed
764 3813 863 3848 numero
875 3801 928 3848 inll·
972 3797 1071 3857 regressi
1084 3796 1174 3858 reliqua
1182 3797 1337 3856 explicemus.

152 3875 432 3939 mosessephilosophoe
464 3877 929 3938 Utuntureorumunoqooquepriratim
1003 3878 1027 3922 l.
1053 3877 1111 3924 Post
1135 3878 1241 3936 pastores
1264 3877 1290 3925 et
1308 3876 1432 3925 venatores
1458 3875 1571 3936 ςαιειιιω
1590 3884 1665 3934 penus
1681 3871 1749 3934 ponit

153 3955 195 4015 qui
208 3956 315 4002 maetam
328 3957 353 4002 et
368 3953 513 4012 sacnticunt3
526 3951 620 4013 puhlioe
631 3964 689 4000 vero
707 3965 772 4013 reges
786 3953 811 4000 lu
831 3965 860 4002 eo
871 3968 927 4002 eon·
973 3965 1073 4014 eorum,
1086 3953 1128 4014 qui
1140 3956 1204 4003 artos
1221 3956 1348 4013 eaeroeat,
1364 3953 1423 4003 item
1439 3953 1560 4002 institores
1571 3953 1596 4001 et
1611 3951 1749 4013 quicunque

153 4029 280 4091 reatuqul
294 4027 414 4078 maximus
428 4027 492 4090 apud
505 4041 546 4076 eos
562 4028 604 4088 lit,
623 4041 698 4088 quum
716 4042 778 4076 noro
792 4042 855 4078 anuo
870 4030 929 4079 inel-
973 4029 1303 4091 oorporeriotumqorerunt.
1336 4032 1428 4078 llorum
1439 4025 1749 4088 aliitribulapeudaut,ao

154 4107 234 4168 pionte
245 4105 377 4168 philosophi
387 4117 469 4153 omnes
482 4102 583 4165 adrepto
597 4105 659 4154 iores
668 4107 814 4155 conveniunt
827 4107 851 4156 el
860 4107 930 4168 quid·
973 4109 1063 4157 statuta
1071 4107 1152 4156 munia
1161 4108 1267 4157 obeunt:
1279 4109 1318 4157 alil
1334 4120 1405 4168 vero,
1416 4107 1450 4156 uti
1464 4107 1495 4164 ii,
1509 4105 1551 4167 qui
1562 4118 1631 4154 arma
1640 4106 1665 4153 et
1675 4117 1749 4153 naves

154 4181 213 4244 quid
232 4181 334 4245 quisque
355 4182 413 4230 urle
434 4181 567 4242 composuit
584 4181 621 4229 vel
642 4181 777 4231 observavit
795 4182 825 4232 de
849 4183 930 4232 luluro
973 4183 1129 4246 fabricantur,
1148 4183 1260 4232 alimenta
1275 4187 1301 4233 et
1319 4183 1435 4246 stipendia
1450 4195 1466 4231 a
1481 4195 1536 4244 rege
1552 4181 1655 4239 labent,
1667 4180 1706 4229 eui
1723 4181 1750 4228 et

155 4259 211 4307 anni
231 4260 348 4319 proventu
369 4258 492 4306 fruetuum
513 4257 701 4320 animaliumque
720 4259 758 4308 vel
778 4260 808 4308 (le
828 4260 930 4312 civitatis
973 4263 1016 4311 soli
1029 4262 1289 4325 operissuisserriunt.
1322 4267 1395 4312 Arma
1404 4260 1520 4310 militibus
1528 4259 1620 4320 prabet
1630 4258 1747 4310 exercitui

154 4333 627 4396 admhrlstrstione‚inmediumprofert.
660 4335 706 4384 Ubi
716 4335 769 4396 quis
778 4335 851 4386 falsus
859 4337 931 4387 luisse
974 4339 1113 4402 prateolus,
1131 4341 1156 4387 et
1176 4338 1258 4387 clasis
1277 4338 1405 4400 praelectus
1423 4349 1497 4386 mres
1520 4335 1701 4397 navigantibus,
1723 4337 1749 4384 et

155 4417 192 4462 ter
201 4411 394 4474 deprehenditur,
403 4411 424 4458 ei
433 4423 476 4472 per
484 4412 559 4459 totam
572 4409 647 4459 vitam
657 4411 835 4472 legeslleoilum
846 4413 930 4463 indici·
974 4416 1149 4467 narratoribus
1159 4415 1236 4479 pretio
1245 4417 1317 4466 looet.

155 4485 701 4550 touquiverapreerlixerit,lmmuaisetomnl
707 4489 931 4554 tributoeaemptus
1005 4500 1028 4543 ε.
1044 4493 1243 4555 Quintumgenua
1258 4491 1456 4552 estbeilatomm,
1475 4490 1645 4553 quirellqurun
1654 4492 1751 4552 tempus

155 4567 266 4616 habetur·
974 4571 1043 4622 otiosi
1052 4573 1141 4634 εςιιοι,
1153 4575 1179 4620 et
1193 4571 1258 4633 regio
1269 4571 1472 4634 sumpturiolum
1480 4570 1749 4631 aeoipluot‚ul‚quum

188 4653 212 4694 a.
230 4643 367 4694 Secundum
377 4656 451 4706 genus
459 4643 614 4705 agricolarum
624 4647 673 4705 est,
685 4647 726 4708 qul
738 4646 833 4707 plurimi
843 4647 932 4697 suntet
975 4661 1036 4709 opus
1045 4647 1089 4709 sit,
1102 4647 1150 4697 olto
1161 4649 1263 4708 exeant,
1280 4647 1339 4696 nihil
1356 4646 1387 4697 de
1397 4659 1442 4696 suo
1452 4647 1579 4696 allmeutes
1594 4646 1681 4706 prater
1693 4657 1749 4693 eor·

155 4723 299 4786 probissimi.
332 4723 362 4772 lli
373 4723 610 4772 oblmmunitatema
626 4723 709 4772 militia
721 4725 745 4773 et
755 4737 862 4774 seoumm
872 4739 932 4787 opus
976 4739 1042 4788 pora.

157 4802 257 4852 iaoiendt
267 4802 401 4860 licentiam,
412 4815 490 4863 neque
504 4802 587 4854 urbem
604 4801 705 4862 adeunt,
717 4815 794 4865 neque
809 4802 931 4864 publicum
1006 4809 1022 4851 o
1047 4801 1112 4852 sexu
1123 4804 1180 4857 sunt
1197 4802 1354 4863 inspectores,
1372 4814 1475 4863 quorum
1484 4801 1563 4862 partes
1572 4801 1643 4859 suut,
1656 4800 1685 4847 ut
1695 4811 1750 4861 quaa

156 4879 277 4940 negotium
285 4891 362 4940 neque
371 4878 448 4927 ullum
458 4877 521 4927 aliud
531 4891 619 4928 munus
627 4879 754 4942 attingunt.
770 4881 931 4937 Quamobrem
975 4879 1214 4942 agunturlmplciant
1229 4879 1402 4941 etreplomnia
1415 4878 1477 4928 dam
1495 4876 1639 4925 reauullent.
1671 4876 1703 4925 lli
1723 4875 1749 4924 in

156 4955 242 5004 eodem
257 4957 363 5016 tempore
375 4957 399 5004 et
414 4955 498 5006 οοθοιιι
508 4955 562 5004 loco
572 4955 610 5004 alii
625 4959 746 5017 pugnant,
762 4957 787 5004 et
798 4968 854 5003 cum
865 4956 933 5006 hoste
977 4958 1037 5008 urbe
1047 4957 1150 5006 urbanas
1158 4957 1294 5006 meretrtoes
1302 4956 1346 5006 sibi
1357 4956 1485 5017 adiutrires
1493 4954 1621 5013 adhibent,
1631 4954 1656 5002 iu
1664 4953 1748 5002 metria

157 5033 243 5094 ροθοιιι
253 5032 395 5092 conterunt,
405 5032 445 5080 ulli
457 5035 526 5081 arant
539 5034 575 5081 rel
589 5032 682 5082 lodlunt
694 5033 744 5080 siue
756 5031 805 5080 ullo
818 5032 932 5094 periculo,
978 5048 1034 5084 vero
1042 5039 1172 5084 oastmnses
1183 5035 1333 5104 :deligumpr
1341 5037 1422 5084 autem
1431 5033 1475 5082 riri
1483 5032 1601 5094 optimine
1610 5031 1748 5080 metuont.

156 5123 233 5172 qurum
252 5109 306 5159 illos
321 5113 508 5173 propugnatores
522 5109 632 5160 habeant.
667 5112 698 5160 lit
715 5125 790 5174 qurum
806 5112 868 5174 regio
882 5113 955 5166 tota.
1007 5117 1031 5162 7.
1048 5112 1213 5174 soptimlsunt
1232 5110 1359 5162 consiliarii
1372 5113 1396 5160 et
1413 5108 1646 5170 assmorasrspm
1663 5109 1750 5170 quibrrs
