3834 5767
166 303 202 352 γη
877 285 1055 346 CRlTlPl’l

164 422 215 480 τῶν
228 419 358 496 μυστήρια
386 421 399 444 ¹
423 418 467 475 διὰ
480 417 508 476 τό
520 417 644 496 πρότερον
655 415 888 490 telleuwilare,
902 413 943 471 νύ·

166 531 236 588 κτωρ
246 506 424 584 κωμάσαντα,
433 504 543 583 θραῦσαί
553 527 577 560 τι
587 507 638 562 τῶν
648 503 808 582 ἀγαλμάτων
818 507 862 563 τοῦ
875 506 943 572 θεοῦ,

165 597 210 654 καλ
220 591 434 670 εἰσαγγελθέντα,
447 591 535 660 ἐπειδὴ
546 593 592 648 οὐκ
604 590 754 662 ἠόουλήθη,
765 589 794 648 θν
804 588 908 667 ἐξῄτουν
920 591 944 645 οἱ
1029 595 1145 664 Dionys.
1158 591 1247 646 italic.
1262 594 1306 647 De
1315 593 1403 647 Thuc.
1417 612 1441 648 c.
1459 593 1493 647 16
1508 611 1515 646 ε
1533 589 1683 649 uolitant
1697 591 1767 648 ἄλλα

166 680 320 758 κατήγοροι,
330 680 420 736 δοῦλον
433 680 566 752 ἐκδοῦναι,
576 677 815 750 διαόληθῆναι,καί
827 673 944 754 πρὸςτήν
989 701 1028 744 τις
1042 676 1073 735 θεν
1085 675 1153 754 εὕροι
1165 678 1198 733 δι’
1210 677 1272 746 όλης
1285 679 1329 744 τῆς
1340 675 1455 755 ἱστορίας
1474 674 1492 744 ἢ
1504 679 1550 746 τῆς
1565 675 1648 755 ἄκρας
1660 675 1769 756 ἐξεργα-

167 767 253 825 αίτίαν
267 769 314 837 τῆς
325 764 444 845 δευτέρας
455 769 555 845 γραφῆς
569 764 685 832 ὕποπτον
695 763 826 840 γενέσθαι·
842 762 874 832 ἣν
885 764 944 836 μετ’
991 765 1049 830 σίας
1070 762 1231 842 τετυχηκότα
1251 762 1296 820 καί
1311 762 1377 838 μήτε
1400 762 1538 841 πρόσθεσιν
1557 764 1687 841 δεχόμενα
1702 766 1767 840 μήτ’

167 859 196 914 οὐ
205 851 287 912 πολύν
301 851 392 932 χρόνον
404 858 448 911 τοῦ
463 851 507 910 ἐπὶ
520 851 644 910 Σικελίαν
660 853 752 909 στόλου
765 848 860 918 συνίόη
874 846 944 925 γενί·
990 848 1142 931 ἀφαίρεσιν,
1162 846 1180 917 ή
1195 847 1316 930 ῥιρθύμως
1330 846 1570 928 ἐπιτετροχασμένα
1584 850 1629 906 καί
1645 849 1705 908 οὐδὲ
1719 850 1768 918 τήν

168 948 239 1000 σθαι.
262 938 403 1020 Κορινθίων
426 937 626 1016 εἰσπεμψάντων
646 935 834 1002 “litorelitore
854 958 882 993 τε
901 933 946 992 καί
991 937 1131 1015 ἐλαχίστην
1144 935 1256 1016 ἔμφασιν
1270 933 1364 1014 ἔχοντα
1375 939 1422 1006 τῆς
1436 932 1579 1007 δεινότητος
1588 936 1704 1010 ἐκείνης,
1716 939 1771 1015 μᾶ-

169 1026 337 1105 Αἰγισταίους
351 1025 446 1104 ἄνδρας
469 1024 534 1103 ἰδία,
548 1023 705 1099 μελλόντων
729 1027 832 1100 βοηθεῖν
859 1023 946 1086 αὐτοῖς
991 1027 1068 1082 λιστα
1083 1023 1105 1080 δ’
1117 1024 1143 1080 ἰν
1158 1023 1215 1088 ταῖς
1228 1021 1398 1102 δημηγορίαις
1415 1021 1461 1080 καὶ
1473 1023 1500 1079 ἐν
1514 1031 1566 1090 τοῖς
1580 1024 1712 1100 διαλόγοις
1722 1027 1771 1084 καὶ

167 1119 218 1173 τῶν
241 1113 397 1185 Ἀθηναίων,
412 1111 513 1190 νύκτωρ
526 1109 584 1176 τοὺς
596 1110 656 1191 περὶ
669 1111 717 1180 τήν
729 1109 825 1188 ἀγοράν
844 1107 946 1186 Ἑρμᾶς
992 1111 1017 1165 ἐν
1037 1115 1094 1173 ταῖς
1115 1108 1207 1174 ἄλλαις
1228 1108 1381 1187 ῥητορείαις.
1403 1096 1459 1166 Ὧν
1479 1106 1667 1187 προνοούμενος
1687 1109 1771 1169 ἔοικεν

167 1201 341 1280 περιίκοψαν,
362 1201 396 1265 ὡς
412 1196 564 1278 Κράτιππός
582 1219 645 1276 φησι
660 1197 736 1277 [τρος
757 1194 880 1274 ἁμαρτὼν
896 1217 946 1272 μυ·
992 1195 1071 1265 ἀτελῆ
1090 1193 1136 1264 τήν
1154 1194 1269 1274 ἱστορίαν
1283 1197 1452 1267 καταλιπεῖν,
1473 1198 1508 1260 ὡς
1522 1195 1567 1252 καὶ
1580 1196 1738 1275 Κράτιππος
1757 1204 1773 1256 ὁ

1362 468 1388 503 2.

168 1287 285 1368 στήρια]
298 1287 393 1366 κριθεὶς
403 1286 447 1343 tel
465 1284 562 1350 τούτοις
576 1283 705 1364 ἀπίφυγεν
716 1285 759 1342 ἐπὶ
771 1287 808 1362 τῷ
823 1283 945 1359 μηνύσειν

168 1376 226 1442 τούς
248 1376 407 1438 ἀδικοῦντας.

208 1467 276 1537 Quae
289 1465 320 1521 h.
339 1465 389 1519 le
405 1463 543 1534 Cratippo
556 1461 717 1516 atteruntur
737 1464 768 1516 in
784 1471 893 1515 tentum
909 1462 946 1513 ir·

169 1561 319 1624 repserunt
344 1567 360 1604 e
392 1549 502 1604 scholio
528 1551 650 1623 margini
673 1549 827 1621 adscripto.
855 1547 948 1604 Verba

130 1673 134 1680 ·
169 1657 228 1714 τρος
252 1631 376 1712 ἁμαρτὼν
400 1630 531 1710 μυστήρια
553 1637 672 1708 repetita
692 1645 758 1690 sunt
771 1654 807 1690 ex
830 1635 863 1690 iis
886 1653 947 1707 quae

170 1722 334 1798 precedunt
346 1722 526 1795 parenthesin
546 1741 552 1775 :
571 1719 722 1799 Δήμη]τρος
739 1720 786 1796 ἅμ.
807 1717 946 1798 μυστήρια.

170 1814 307 1867 Praeterea
321 1811 412 1882 ipsum
426 1810 563 1863 scholium
577 1828 708 1864 mancum
720 1821 779 1878 est;
792 1827 857 1864 nam
875 1809 925 1863 ista
940 1828 946 1861 :

174 1892 313 1974 Κορινθίων
322 1891 521 1972 εἰσπεμψάντων
531 1892 685 1960 Λεοντίνους
698 1896 757 1955 κτλ.
769 1915 881 1951 sensum
890 1915 948 1950 non

171 1983 305 2040 tundunt.
321 1985 390 2055 Quae
405 1982 507 2038 debeat
520 2001 576 2038 esse
590 1986 727 2039 sententia
741 2003 776 2039 ex
796 1985 948 2040 Plutarcho

172 2074 269 2144 liquet,
283 2072 333 2144 qui
348 2072 377 2124 in
387 2071 451 2126 Vita
465 2069 559 2126 hlaib.
572 2090 598 2126 c.
620 2071 654 2126 ιθ
669 2073 754 2127 habet
765 2067 893 2149 εἘλίχθη
902 2066 949 2146 μὲν

172 2149 228 2228 ούν,
236 2154 276 2214 ὅτι
283 2153 412 2234 Κορίνθιαι
423 2154 466 2212 διὰ
473 2154 531 2222 τούς
539 2153 729 2234 Συρακουσίους
737 2155 858 2224 ἀποίκους
865 2156 949 2228 ὄντας,

172 2246 208 2309 ὡς
223 2241 382 2320 ἐπιοχίσεως
394 2239 519 2318 ἐσομίνης
536 2241 598 2320 πρὸς
612 2245 663 2300 τῶν
678 2241 801 2313 οἰωνῶνῆ
815 2243 950 2320 μεταγνόν-

173 2353 238 2395 σιως
253 2333 297 2386 τοῦ
320 2325 450 2404 πολέμου,
472 2335 556 2388 ταῦτα
577 2329 709 2408 δράσειαν.
726 2333 768 2390 Cf.
792 2334 887 2388 Schol.
912 2334 948 2389 ad

173 2418 319 2490 Aristoph.
331 2417 503 2492 Thesmoph.
524 2425 608 2491 1094,
632 2420 689 2475 sive
704 2421 898 2494 Philochorus¹
912 2421 948 2480 fr.

177 2523 241 2561 110.
257 2506 332 2560 Hinc
346 2506 577 2560 Westerrnannus
602 2507 632 2560 in
647 2505 734 2582 Βιογρ.
750 2525 780 2580 p.
806 2507 873 2577 238,
886 2527 914 2562 n.
929 2510 948 2563 l.

172 2595 309 2666 seriptum
323 2591 409 2647 luisse
425 2604 519 2648 censet
532 2594 609 2648 hune
621 2593 679 2649 sere
692 2596 722 2648 in
736 2594 853 2650 modum
872 2615 879 2648 :
896 2597 950 2654 Ka·

174 2676 274 2756 ρινθὶων
284 2679 320 2743 εἰς
334 2675 494 2754 πεμψάντων
508 2676 584 2754 [τούς
602 2677 743 2755 δράσαντας
757 2678 799 2736 διὰ
817 2677 877 2746 τοὺς
898 2683 951 2741 Συ·

174 2761 325 2842 ρακουσίους
339 2761 463 2829 ἀποίκους
477 2763 559 2830 ὄντας.
587 2755 656 2822 olna
666 2755 721 2836 οὖν,
738 2769 789 2822 τῶν
805 2769 831 2824 ἐν
843 2767 952 2848 Σικελίφ

174 2849 309 2921 Ἑλλήνων
323 2849 373 2908 tet
387 2853 438 2907 τῶν
455 2849 639 2930 Συρακουσίων
655 2855 743 2914 κακῶς
767 2853 949 2929 διατεθέντων,

174 2937 234 3016 περὶ
247 2935 365 3016 βοηθείας
383 2935 411 2994 δέ
427 2936 606 3016 πεμψάντων]
618 2936 760 2997 Λεοντίνων
769 2963 797 2998 τε
812 2940 857 2998 καί
869 2943 950 3019 Λίγι-

992 1279 1161 1355 συναιιμάσας
1181 1281 1253 1360 αύτῷ
1275 1279 1320 1338 καί
1341 1280 1374 1338 τθι
1393 1282 1603 1362 παραλειφθέντα
1621 1287 1666 1341 ὑπ’
1690 1287 1772 1344 αύτοῶ

992 1365 1146 1444 συναγαγὼν
1159 1365 1303 1447 γέγραφεν,
1322 1369 1351 1424 ού
1375 1366 1452 1444 μόνον
1471 1370 1527 1435 ταῖς
1545 1368 1671 1448 πράξεσιν
1690 1372 1773 1440 αὐτάς

992 1453 1112 1529 ἐμποδὼν
1127 1458 1280 1531 γεγενῆσθαι
1293 1454 1376 1531 λέγων
1384 1500 1392 1528 ,
1415 1456 1483 1514 ἀλλὰ
1498 1456 1543 1515 καί
1558 1466 1612 1524 τοῖς
1630 1459 1772 1518 ἀκούωσιν

992 1541 1106 1622 θχληρδς
1120 1532 1196 1600 εἶναι.
1213 1541 1300 1601 Τοῦτό
1312 1547 1344 1620 γί
1355 1565 1395 1599 τοι
1407 1542 1516 1600 συνέντα
1530 1544 1608 1602 αὐτὸν
1623 1547 1650 1602 ἐν
1662 1553 1716 1612 τοῖς
1727 1570 1772 1604 τε-

992 1627 1118 1694 λευταίοις
1130 1633 1177 1699 τῆς
1187 1628 1301 1707 ἱστορίας
1314 1627 1378 1708 φησὶ
1387 1629 1518 1705 μηδεμίαν
1532 1630 1607 1698 τάξαι
1620 1633 1772 1711 ῥητορείαν,

992 1718 1096 1774 πολλῶν
1110 1713 1156 1794 μὲν
1173 1714 1242 1774 κατόι
1254 1714 1301 1787 τήν
1325 1716 1425 1776 Ἰωνίαν
1446 1718 1604 1795 γενομένων,
1626 1723 1733 1781 πολλῶν
1748 1725 1772 1780 δ’

994 1804 1020 1860 ἐν
1044 1805 1101 1869 ταῖς
1124 1801 1258 1876 Ἀθήναις,
1282 1803 1331 1860 δσα
1354 1803 1396 1876 διὰ
1424 1805 1574 1881 λόγωνκαὶ
1601 1807 1772 1887 δημηγοριῶν

993 1889 1121 1969 ἐπράχθη.
1136 1889 1172 1949 El
1183 1889 1214 1968 γε’
1225 1913 1265 1948 τοι
1278 1888 1325 1960 τήν
1339 1890 1445 1969 πρώτην
1456 1893 1502 1951 καὶ
1511 1892 1559 1964 τήν
1571 1894 1664 1972 ὀγδόην
1681 1897 1773 1974 βίόλον

995 1976 1221 2057 ἀντιπαρεξετάζοι
1229 2001 1267 2044 τις
1279 1976 1417 2051 ἀλλήλαις,
1426 1979 1484 2037 ούτε
1493 1983 1539 2050 τῆς
1551 1984 1629 2052 αὐτῆς
1640 1982 1673 2040 ἂν
1682 2007 1774 2064 προαι-

996 2063 1090 2145 ρίσεως
1104 2064 1199 2132 δόξειεν
1224 2062 1370 2145 ἀμφοτέρας
1391 2065 1517 2145 ὑπάρχειν
1536 2066 1595 2127 οὔτε
1619 2073 1667 2140 τῆς
1690 2074 1773 2142 αὗτῆς

995 2151 1136 2228 δυνάμεως.
1155 2151 1190 2212 ‘H
1214 2151 1261 2228 μὲν
1274 2150 1337 2231 γάρ,
1361 2151 1436 2227 ὀλίγα
1452 2152 1598 2232 πράγματα
1617 2155 1664 2213 καί
1688 2157 1772 2237 μικρά

994 2237 1167 2319 περιέχουσα,
1181 2238 1291 2309 πληθύει
1300 2241 1350 2296 τῶν
1365 2242 1520 2319 ῥητορειῶν,
1539 2246 1556 2312 ἡ
1576 2240 1617 2315 δέ,
1629 2243 1691 2322 περὶ
1703 2248 1773 2304 πολ-

994 2325 1042 2390 λάς
1060 2326 1105 2382 καί
1128 2325 1243 2402 μεγάλας
1259 2331 1433 2404 συνταχθεῖσα
1451 2327 1570 2407 πράξεις,
1584 2331 1773 2412 δημηγορικῶν

998 2412 1115 2480 σπανίζει
1129 2411 1224 2490 λόγοιν.

1033 2512 1076 2565 Dc
1089 2510 1132 2564 his
1141 2512 1287 2583 Kriigerus
1298 2512 1318 2564 l.
1334 2511 1354 2564 l.
1367 2530 1396 2583 p.
1415 2511 1471 2564 262
1484 2532 1490 2565 :
1507 2536 1518 2557 ο
1534 2515 1686 2587 Dionysius
1699 2531 1774 2590 post·

996 2614 1081 2668 quam
1102 2594 1175 2649 dixit
1198 2595 1369 2669 Thucydidis
1389 2597 1511 2651 historia
1530 2611 1640 2670 partem
1660 2607 1774 2677 egregie

996 2683 1169 2738 elaboratam
1190 2699 1262 2755 esse,
1283 2694 1393 2756 partem
1415 2684 1599 2758 inprimisque
1619 2691 1775 2746 conciones

997 2780 1025 2823 et
1036 2769 1178 2840 colloquia
1192 2771 1268 2823 omni
1285 2782 1344 2825 arte
1359 2789 1469 2839 carere,
1482 2772 1537 2826 hoc
1552 2773 1641 2829 modo
1653 2779 1749 2850 pergit
1765 2797 1772 2829 :

996 2841 1032 2907 ὧν
1050 2849 1270 2929 προνοούμενος...
1284 2853 1419 2935 γέγραφεν.
1432 2861 1498 2914 uaec
1519 2860 1568 2930 qui
1583 2861 1642 2915 sola
1661 2863 1773 2936 legerit,

996 2941 1066 2995 nihil
1088 2941 1164 2996 aliud
1182 2940 1337 3015 significare
1356 2962 1436 3016 posse
1457 2946 1568 3016 putabit
1580 2964 1665 3018 quarn
1689 2950 1747 3004 hoc
1766 2971 1773 3004 :

174 3023 271 3084 σταίων
285 3025 380 3104 ἄνδρας
390 3023 453 3104 ἰδία,
467 3025 525 3084 κτλ.

214 3118 257 3171 De
277 3116 321 3170 his
340 3113 494 3170 disserendi
515 3117 690 3171 occasionem
709 3119 858 3190 praebuisse
876 3123 953 3175 Alci-

996 3027 1188 3100 Thucydidem
1200 3030 1388 3098 orationibus,
1402 3049 1470 3103 quas
1479 3051 1538 3085 non
1550 3035 1615 3088 satis
1627 3037 1773 3092 elaboras·

995 3126 1050 3184 set,
1061 3115 1195 3170 secundas
1204 3135 1284 3172 curas
1294 3117 1427 3174 adhibere
1438 3121 1625 3190 constituisse,
1637 3123 1667 3178 id
1679 3135 1775 3180 tamen

175 3202 288 3258 biadem
307 3212 372 3275 post
391 3201 514 3256 reditum
537 3220 552 3255 a
572 3204 763 3261 mutilatorum
786 3207 952 3262 fimum-um
996 3218 1056 3253 non
1075 3200 1179 3254 tactum
1192 3219 1265 3271 esse,
1286 3203 1468 3276 relictamque
1485 3205 1544 3275 ejus
1555 3208 1703 3264 historiam
1721 3214 1775 3266 im·

176 3289 435 3360 coniurationisque
461 3289 578 3343 erimine
600 3307 628 3344 se
654 3306 839 3362 purgaturum
863 3294 951 3366 (Xan,
996 3287 1164 3359 perfectam,
1185 3301 1349 3362 propterea,
1370 3302 1402 3344 ut
1423 3291 1544 3361 videtur,
1561 3295 1641 3366 quod
1661 3310 1774 3372 auctor,

176 3375 252 3431 Heli.
268 3377 298 3443 l,
310 3381 339 3443 ή,
358 3373 409 3448 13)
421 3375 577 3446 suspicatur
588 3377 736 3448 Kriigerus
751 3377 769 3434 l.
789 3378 807 3430 l.
995 3375 1159 3446 priusquam
1171 3375 1241 3429 illud
1255 3377 1402 3431 eonsilium
1413 3393 1622 3452 exsequeretur,
1639 3383 1715 3438 diem
1729 3405 1775 3441 su·

215 3454 352 3508 Praeterea
362 3453 511 3525 Cratippus
523 3453 634 3509 duobus
643 3453 773 3508 laudatur
784 3455 866 3524 locis,
880 3477 953 3530 quo·
996 3478 1122 3533 premam
1136 3461 1247 3516 obierit.
1271 3463 1362 3534 quue
1379 3465 1507 3537 inprimis
1528 3467 1565 3522 ad
1586 3480 1718 3525 octavum
1739 3474 1774 3525 li-

176 3557 239 3595 rum
260 3540 330 3595 alter
352 3537 388 3594 de
413 3540 500 3594 causis
520 3551 575 3608 est,
598 3558 649 3616 cur
674 3541 867 3613 imperfectum
883 3563 954 3618 opus
996 3549 1080 3602 bruni
1103 3549 1284 3618 referremus,
1303 3553 1334 3604 in
1352 3571 1410 3624 quo
1424 3556 1535 3609 nonnisi
1554 3557 1682 3628 quaedam
1696 3564 1775 3632 quasi

176 3625 354 3700 Thucydides
366 3627 529 3698 reliquerit,
543 3627 612 3682 alter
623 3626 659 3682 de
674 3629 803 3700 regione,
820 3630 867 3683 ubi
879 3631 953 3686 diem
996 3637 1100 3690 semina
1110 3638 1271 3690 orationum
1283 3655 1376 3710 sparsa
1389 3651 1466 3708 sunt,
1481 3653 1700 3717 putaremusque
1710 3648 1776 3702 huic

176 3715 299 3789 scriptor
313 3713 424 3770 obierit.
998 3739 1113 3794 quoque
1125 3724 1291 3796 scriptorem
1302 3727 1472 3781 inserturum
1486 3729 1569 3784 luisse
1582 3733 1741 3802 orationes,
1754 3737 1776 3789 si

177 3906 237 3942 cana
243 3894 337 3944 cereris
345 3893 483 3956 vulgassent
494 3893 573 3956 (quod
587 3895 689 3944 isliomo
698 3897 787 3958 alioqui
797 3897 956 3959 intemperans
1372 3901 1398 3949 t.

178 3974 251 4020 noctu
261 3985 303 4034 per
314 3971 511 4021 comessationem
521 3971 649 4034 aliquando
657 3975 779 4036 quandam
791 3976 901 4025 Mercurii
911 3977 955 4026 tre·
1031 3976 1107 4024 ltulta
1115 3980 1230 4038 praterea
1242 3991 1284 4040 per
1293 3982 1368 4028 totam
1379 3982 1508 4031 Historiam
1517 3985 1663 4046 Thucydidis
1672 3987 1730 4037 licet
1739 3992 1776 4037 ln·

178 4046 248 4107 gisset
262 4049 368 4096 statuam
385 4067 390 4095 :
406 4050 431 4096 et
450 4061 525 4109 quum
545 4061 641 4098 sermm
653 4063 721 4112 eum,
734 4064 806 4113 quem
822 4055 913 4102 actores
926 4052 956 4100 ad
999 4054 1311 4115 venire,quceautsumma
1321 4071 1380 4107 cura
1389 4060 1625 4122 seminarentur
1636 4068 1778 4127 nequeaddt

178 4123 337 4183 questionem
354 4123 527 4186 exposcebant,
544 4125 631 4174 dedere
642 4127 768 4188 noluisset,
781 4129 842 4177 male
853 4143 881 4177 ex
894 4141 921 4178 ea
931 4143 957 4177 re
999 4131 1131 4193 quidquam
1144 4145 1223 4194 neque
1236 4133 1329 4184 detrahi
1337 4137 1427 4198 possit,
1438 4141 1481 4188 aut
1489 4143 1539 4188 tam
1551 4142 1696 4203 negligenter
1705 4149 1779 4207 atque

179 4201 281 4263 audiret,
293 4202 374 4264 itaque
382 4202 487 4252 meando
496 4203 588 4253 crimini
598 4205 746 4254 mensionem
757 4207 880 4256 extuberet
889 4220 956 4268 :quae
999 4205 1066 4264 quasi
1079 4219 1151 4254 cursu
1162 4207 1267 4269 scripta,
1278 4212 1305 4258 ut
1313 4223 1344 4258 ne
1357 4211 1480 4262 minimam
1495 4215 1593 4276 quidem
1609 4220 1713 4279 speciem
1729 4236 1780 4283 pne

180 4279 295 4340 posterior
307 4278 370 4328 actio
385 4279 500 4329 adversm
509 4292 564 4329 eum
580 4283 690 4344 suscepta
709 4285 744 4331 est
762 4297 837 4345 parvo
850 4287 957 4345 tempore
1000 4295 1026 4330 se
1039 4283 1116 4332 lerant
1125 4284 1220 4334 exinrice
1229 4287 1325 4336 illiusin
1335 4289 1436 4340 dicendo
1446 4293 1579 4354 tacnltatis;
1596 4295 1670 4356 itque
1683 4301 1778 4359 potissi-

179 4355 211 4405 ab
220 4355 370 4418 expeuuone
383 4357 464 4406 classis
480 4357 504 4406 ln
514 4359 618 4408 Siciliam
634 4359 665 4406 ab
680 4359 861 4410 Aueniensihus
870 4363 955 4412 misssi.
1000 4371 1068 4407 mum
1089 4360 1113 4408 in
1140 4361 1308 4425 concionibus,
1327 4366 1352 4414 in
1375 4367 1499 4430 colloquiis
1525 4371 1625 4432 aliisque
1645 4374 1777 4425 rhetoricis.

182 4433 275 4482 lttenim
284 4432 443 4483 corinthiiin
457 4434 541 4483 urhun
557 4434 710 4496 induxerant,
721 4435 880 4499 [quillermas
889 4441 956 4488 tuln·
1001 4437 1072 4493 Quod
1080 4440 1184 4488 sentiens
1198 4442 1349 4505 Thucydides
1366 4446 1530 4507 imperfectam
1548 4448 1644 4498 videtur
1655 4451 1779 4503 historiam

181 4510 277 4571 carent,
305 4511 401 4571 propter
419 4511 581 4570 syracusanos
598 4512 703 4574 ipsorum
722 4512 832 4574 octonos;
852 4515 875 4563 hi
894 4517 957 4564 enim
1001 4515 1138 4578 reliquisse,
1157 4521 1185 4566 nt
1204 4520 1277 4568 tradit
1298 4523 1371 4571 ctiam
1389 4511 1528 4586 Cratippum,
1548 4527 1591 4588 qui
1610 4530 1711 4590 arquatis
1728 4534 1780 4592 eius

181 4597 258 4645 ηιιιιαι
278 4585 382 4646 reliquos
397 4585 483 4634 Siciliae
495 4590 593 4636 Graecos
610 4589 784 4650 opprimerent,
796 4594 821 4640 et
835 4595 958 4655 propterea
1001 4591 1250 4645 tuitctabeoomissa
1259 4597 1361 4659 collegd.
1384 4599 1447 4648 Dicit
1459 4601 1523 4650 enim
1535 4604 1655 4653 orationes
1663 4606 1717 4656 illas
1730 4623 1779 4658 non

183 4660 293 4709 Leontini
312 4661 337 4709 et
348 4661 468 4721 Segestani
486 4663 604 4712 auridum
617 4668 700 4714 contra
720 4679 761 4715 eos
781 4668 957 4718 Atheniensium
1002 4671 1074 4719 modo
1087 4671 1159 4720 rebus
1170 4675 1226 4734 ipsis
1239 4689 1291 4724 csse
1302 4676 1485 4740 impedimento,
1496 4695 1581 4730 rerum
1595 4683 1667 4732 eliam
1682 4687 1779 4735 auditi»

183 4739 345 4800 implorarent,
357 4737 513 4789 Athenienses
529 4742 644 4802 terciam
662 4743 803 4805 opitulaturi
821 4746 956 4796 inessent:
1002 4746 1068 4796 ribus
1082 4748 1198 4799 molestas
1210 4771 1217 4801 ε
1228 4752 1298 4814 idque
1313 4755 1454 4804 sentientem
1472 4757 1636 4819 Thucydidem
1659 4763 1738 4813 nullas
1756 4767 1779 4814 in

183 4817 234 4864 tum
244 4815 361 4864 corinthii
372 4828 423 4865 rem
438 4816 575 4879 impedituri
593 4822 665 4869 noctu
680 4823 827 4884 Mercurios,
841 4825 882 4885 qui
895 4827 958 4886 apud
1002 4824 1087 4874 ultima
1102 4826 1207 4876 historiae
1218 4831 1285 4891 parte
1302 4831 1422 4880 orationes
1432 4831 1585 4896 adiunxisse,
1596 4838 1642 4884 elsi
1660 4840 1738 4887 rrirdta
1755 4842 1778 4889 in

184 4892 262 4938 [οι-ιντο
289 4893 357 4940 eram
371 4893 494 4953 collocati,
519 4895 704 4959 mutilaverunt,
723 4901 751 4947 ut
768 4900 801 4948 ait
817 4901 957 4963 cratippus)
1002 4901 1192 4953 toniaacmulla
1207 4906 1526 4971 attimtsevcntsscnt,qnae
1536 4913 1780 4967 trahitisscrmonilurs

183 4966 275 5016 obhtee
284 4967 433 5030 injudicium
443 4971 577 5032 pertractus
590 4974 640 5034 est,
651 4973 777 5024 absolutus
788 4979 882 5038 lamen,
893 4980 958 5040 qnod
1002 4982 1026 5028 ct
1042 4980 1190 5030 orationibus
1199 4984 1318 5032 transacta
1331 4988 1417 5035 essent.
1434 4991 1525 5044 Quodsi
1537 4991 1591 5051 quis
1604 4992 1708 5052 primum
1722 5009 1779 5046 cum

184 5045 301 5108 protessus
310 5046 610 5098 eslsceriminisauctorcs
621 5049 790 5102 'radicaturum
1002 5061 1088 5106 octavo
1109 5060 1170 5107 lituo
1187 5061 1308 5122 conserat,
1327 5067 1382 5111 cuin
1405 5065 1584 5118 intellecturum
1602 5083 1651 5120 noo
1672 5073 1779 5134 ejusdem
