3834 5767
200 381 257 430 tat
796 374 1012 437 HlEllONthl
1033 378 1219 440 CARDlANl

241 503 291 558 His
310 502 469 575 subjicimus
488 503 703 578 disputationem
724 507 875 562 Briiclneri
897 507 931 583 (l.
959 509 980 562 l.
1027 519 1083 565 tem
1094 512 1246 567 Alexandri
1266 512 1304 567 hl.
1317 523 1419 585 prater
1428 513 1565 586 Nepotem
1579 523 1608 567 et
1618 515 1797 571 Plutarchum

200 608 230 661 p.
246 589 301 644 aba
311 609 373 663 sqq.
382 588 436 665 lile
446 609 496 644 usu
506 597 553 664 qui
562 592 722 662 Hierornmi
731 592 907 649 historiarum
910 595 981 666 sue-
1024 615 1109 652 nemo
1120 598 1178 653 fere
1189 601 1287 671 estqui
1300 599 1455 655 tradiderit
1470 603 1532 656 lam
1543 603 1566 655 si
1576 601 1614 655 de
1624 619 1727 675 genere
1736 621 1799 675 quae

200 681 238 729 ιιι
248 678 327 748 apud
328 681 487 749 posterioria
492 683 545 731 ceci
549 683 699 752 scriptores.
1024 685 1152 741 feruntur
1160 689 1305 759 Eumenis,
1319 688 1393 742 inter
1405 706 1434 742 se
1449 699 1658 761 comparantur,
1671 707 1735 762 qnae
1748 692 1801 746 ho·

217 803 220 810 .
246 787 258 812 a
277 765 507 838 Fragmentorum
517 766 680 838 Hieronymi
691 785 779 840 quum
788 769 977 824 tantasitexi-
1024 774 1233 830 nonlicentiora
1251 787 1315 830 nint
1325 777 1459 843 Eumeni,
1474 775 1573 831 eadem
1589 778 1673 831 etiarn
1688 780 1800 832 veriora

202 850 282 916 litas,
305 867 398 922 operae
419 851 542 923 pretium
561 861 602 912 est
632 851 791 926 diligentius
814 855 977 926 inquirere,
1024 879 1081 916 esse
1099 873 1225 934 apparet.
1240 863 1283 917 lta
1294 863 1370 917 enim
1380 862 1547 918 Plutarchus
1558 881 1583 917 c.
1602 881 1613 916 r
1635 861 1802 934 τίθθμὲνηθὲ

203 935 354 990 numlorte
364 937 488 1012 'vestigia
500 937 627 1009 quaedam
647 937 706 1008 ejus
718 938 892 1012 deprehendi
910 959 976 1013 pos·
1023 945 1067 1002 τὸν
1088 944 1235 1024 Καρδιανὸν
1248 945 1346 1024 ἱστορεῖ
1363 950 1456 1024 Δοῦρις
1473 947 1524 1022 (fr.
1545 948 1628 1003 hubi
1644 949 1729 1023 vide)
1742 951 1801 1005 κτλ.

201 1023 256 1074 sint
269 1019 345 1092 apud
359 1039 407 1075 eos
414 1021 578 1094 scriptores,
594 1023 642 1094 qui
655 1022 690 1076 de
702 1023 786 1078 rebus
796 1023 907 1105 aab-ipso
920 1035 978 1080 tra·
1023 1035 1090 1088 Mox
1101 1044 1194 1089 autem
1207 1036 1335 1090 ιΔοκοῦσι
1345 1032 1367 1088 δ’
1377 1031 1464 1090 ιίκότα
1473 1030 1557 1110 λέγειν
1567 1033 1666 1107 μᾶλλον
1676 1034 1754 1091 σίδιθ
1763 1033 1799 1100 {s-

203 1105 338 1180 ditispost
350 1125 414 1162 eum
423 1119 628 1180 exposuerunt,
643 1110 718 1182 apud
732 1110 907 1180 Diodorum,
924 1113 978 1166 Ju-
1023 1115 1079 1174 νίαν
1091 1119 1134 1178 καὶ
1147 1117 1234 1197 ριλίαν
1247 1116 1373 1198 πατρῴαν
1384 1117 1428 1176 τθν
1444 1118 1551 1193 Εὐμένη
1566 1116 1682 1194 λέγοντις
1693 1118 1745 1176 axi
1758 1125 1801 1177 τοῦ

202 1194 324 1261 atinum,
347 1195 500 1268 Nepotem,
524 1196 703 1250 Plutarchum
728 1207 756 1251 et
780 1198 811 1250 in
836 1199 980 1270 Excerptis
1023 1203 1161 1262 Φιλίππου
1175 1208 1348 1281 προαχθῆναι,
1372 1208 1421 1261 Ηῑα
1438 1208 1522 1280 plane
1539 1208 1719 1264 consentiunt
1740 1227 1801 1280 quae

203 1282 315 1336 Arriani
326 1282 368 1337 De
388 1281 472 1336 rebus
492 1293 556 1354 post
585 1281 776 1338 Alexandrum
799 1285 883 1356 gestis
901 1283 978 1356 apud
1024 1288 1120 1366 (Eum.
1135 1310 1161 1346 c.
1180 1290 1213 1364 3)
1229 1290 1265 1345 de
1279 1291 1429 1345 inimicitiis
1443 1294 1516 1346 inter
1532 1293 1686 1346 Eumenem
1702 1291 1802 1368 (nobi-

202 1367 344 1426 Photium.
354 1370 497 1424 AJustino
507 1410 515 1439 ,
527 1369 651 1442 Nepote,
667 1371 697 1423 iu
710 1371 854 1442 Excerptis
867 1372 977 1426 Arriani
1023 1376 1094 1432 liore
1119 1378 1205 1451 igitur
1219 1378 1284 1431 loco
1298 1379 1408 1451 natum)
1424 1389 1453 1432 et
1472 1380 1632 1433 Hecataeum
1647 1379 1800 1434 Cardianoi

197 1448 390 1526 Hieronymus
403 1457 480 1510 nullo
491 1457 554 1510 loco
569 1467 783 1530 memoratur,a
802 1456 932 1512 Diodoro
950 1469 979 1512 et
1023 1483 1085 1518 rnm
1106 1475 1253 1536 tyrannum
1269 1464 1427 1519 traduntur.
1441 1453 1495 1521 Ἦν
1509 1461 1560 1542 γθρ
1581 1464 1668 1528 aheni<
1687 1468 1801 1544 πατρική

202 1539 393 1610 aPlutarcbo,
409 1541 444 1595 ab
460 1542 515 1596 hoc
527 1544 556 1596 in
566 1544 636 1596 Vitis
647 1541 776 1598 Eumenis
790 1553 818 1598 et
826 1545 979 1612 Demetrii,
1022 1549 1249 1613 τιςέαπολιτοαῶο
1265 1549 1392 1626 διαφορῶν
1409 1548 1509 1627 ὑποψία
1522 1547 1585 1626 πρὸς
1609 1548 1754 1620 ἀλλήλαις,
1774 1566 1802 1607 et
1894 1570 1895 1587 ²

201 1637 374 1681 memoratur
383 1628 508 1700 quidem,
519 1628 568 1683 sed
576 1629 691 1696 nonita,
701 1639 733 1682 ut
745 1629 841 1682 hausta
850 1629 979 1701 quaedam
1022 1638 1107 1692 verba
1116 1639 1252 1710 Nepotis:
1272 1639 1334 1691 Etsi
1354 1639 1403 1691 ille
1417 1639 1564 1692 domestico
1582 1656 1690 1693 summo
1702 1657 1801 1710 genere
1894 1668 1895 1711 γ

202 1728 236 1764 cx
262 1729 297 1766 eo
311 1729 368 1766 esse
391 1713 544 1768 tradantur.
565 1714 681 1768 Nonnisi
701 1713 731 1767 in
748 1715 856 1786 Pyrrho
876 1713 979 1769 diserte
1022 1727 1097 1781 erat,
1113 1726 1206 1769 tamen
1223 1717 1390 1770 Macedones
1400 1735 1461 1770 eum
1479 1714 1535 1769 sibi
1550 1717 1706 1788 aliquando
1720 1731 1798 1772 unte-
1853 1772 1859 1786 ,
1894 1738 1895 1751 ³

204 1796 602 1867 quaedamexcoreferuntur.
615 1800 881 1872 Quocircasiplura
894 1801 979 1855 exsti·
1018 1805 1089 1872 poni
1099 1801 1215 1873 indigne
1223 1798 1362 1868 [terebant.
1376 1803 1473 1873 ltaque
1487 1819 1549 1872 quae
1558 1802 1714 1855 Eumenem
1729 1804 1797 1856 alio-

203 1884 313 1952 iissent,
326 1886 376 1956 qui
391 1885 582 1940 eandemcum
596 1887 771 1958 Hieronymo
783 1887 904 1942 historiae
912 1905 978 1959 par·
1022 1887 1090 1958 quin
1115 1888 1335 1959 persequebatur
1355 1887 1460 1942 invidia
1478 1887 1681 1955 Macedonum,
1709 1891 1801 1943 fecisse
1894 1908 1895 1913 ¹

202 1978 259 2024 tem
279 1970 377 2025 eadem
396 1969 467 2040 fide,
493 1974 575 2046 copia
597 1963 755 2028 et'consilio
773 1975 977 2042 tractavissent,
1022 1974 1106 2027 etiam
1118 1973 1279 2042 videtur,ut
1289 1976 1386 2047 generi
1398 1973 1458 2044 ejus
1469 1975 1517 2028 illa
1530 1975 1652 2042 labes,si
1665 1992 1726 2045 qua
1740 1976 1798 2044 tuit,

203 2067 260 2110 tarn
273 2056 359 2112 dubia
369 2070 474 2128 essent,
490 2077 552 2131 quae
566 2059 702 2132 disputari
713 2059 801 2115 dehis
811 2061 894 2115 rebus
911 2079 978 2133 pos-
1022 2059 1246 2134 adspergeretur.
1269 2061 1417 2115 Contraria
1433 2059 1577 2115 tradidisse
1597 2062 1800 2134 Hieronymum

202 2153 275 2208 sent,
307 2154 339 2198 ut
365 2146 403 2198 in·
414 2145 538 2200 medium
559 2163 591 2200 ea
614 2145 742 2218 proferre
763 2148 810 2201 vix
832 2146 976 2202 auderem.
1022 2155 1129 2200 certum
1142 2158 1228 2219 puto,
1240 2148 1348 2202 nonita
1366 2156 1564 2213 eertuntsane,
1579 2146 1712 2202 debuisse
1724 2166 1801 2202 exeo

203 2229 326 2284 Primum
342 2241 434 2286 autem
446 2242 474 2286 et
483 2233 662 2304 paucissimos
680 2231 762 2287 luisse
775 2233 977 2307 intelleximus,
1022 2250 1114 2304 neque
1124 2233 1248 2305 potuisse
1257 2251 1292 2288 ex
1305 2234 1361 2288 alio
1374 2232 1452 2286 sonte
1467 2233 1514 2285 illa
1528 2231 1645 2304 quidem
1658 2232 1738 2304 apud
1747 2235 1796 2288 Ne·

202 2317 252 2387 qui
261 2335 374 2372 omnem
387 2318 466 2372 istam
476 2317 705 2391 Diaduchorum,
728 2319 778 2392 qui
800 2318 976 2389 dicebantur,
1021 2329 1118 2390 potem
1130 2330 1159 2374 et
1167 2316 1348 2374 Plutarchum
1354 2320 1460 2392 repeti,
1474 2318 1624 2390 probabile
1637 2329 1733 2373 tamen
1746 2337 1800 2373 esse

202 2401 346 2458 historiam
355 2405 630 2477 ‚complecterentur,
654 2421 746 2476 neque
767 2423 815 2460 eos
827 2399 978 2478 scriptores
1022 2404 1224 2478 Hieronymum
1236 2406 1411 2480 potissimum
1422 2404 1550 2476 respicis
1560 2404 1715 2458 Plutarcho
1730 2406 1799 2458 iuter

202 2489 252 2560 qui
269 2491 442 2562 Hieronymo
452 2490 590 2546 Cardiano
602 2491 638 2545 ab
651 2491 708 2544 ulla
720 2501 800 2563 parte
810 2491 977 2563 praeferendi
1021 2509 1084 2560 eos,
1103 2495 1152 2565 qui
1166 2492 1282 2548 Duridis
1301 2501 1487 2563 opponuntur
1503 2491 1681 2556 auctoritati,
1700 2509 1798 2556 nemo,

203 2659 238 2726 dc
253 2663 361 2718 ratione
384 2663 456 2738 ejus,
481 2664 554 2718 viam
568 2674 644 2718 certe
657 2675 827 2734 monstrant,
838 2709 839 2714 ,
850 2683 906 2737 qua
924 2684 977 2720 ve-
1022 2666 1105 2720 etiam
1117 2685 1179 2738 qua
1193 2676 1360 2738 sequuntur,
1370 2663 1408 2718 ad
1421 2665 1628 2735 Hieronymum
1642 2664 1800 2718 revocanda

201 2749 282 2822 stigia
294 2749 421 2822 mindam
432 2750 491 2820 ejus
502 2749 665 2804 indicemus.
681 2751 917 2827 Copiosiusigitur
928 2753 977 2824 qui
1021 2764 1104 2808 suut:
1121 2756 1175 2808 Hic
1182 2753 1456 2826 peradolescentulus
1474 2752 1514 2804 ad
1525 2749 1676 2803 amicitiam
1689 2756 1801 2805 cesenat

202 2853 246 2888 res
254 2835 317 2890 istas
331 2836 516 2904 illustrarunt,
529 2837 677 2891 recurrisse
689 2838 742 2892 hac
758 2840 817 2910 ipsa
837 2837 872 2893 de
884 2856 977 2894 mussa
1021 2839 1149 2912 Parappr
1162 2843 1291 2908 Amyntae
1302 2850 1357 2894 etc.
1367 2855 1455 2909 usque
1465 2836 1503 2891 ad
1515 2837 1800 2891 oniniumremmhu·
1894 2900 1895 2907 γ

202 2920 238 2976 ad
249 2921 377 2976 historias
393 2923 558 2994 Hieronymi
571 2922 704 2978 censendi
722 2935 800 2994 sunt,
816 2941 868 2980 nec
880 2941 958 2980 secus
963 2965 974 2991 ,
1026 2927 1097 2980 bitus
1111 2939 1152 2980 est
1170 2927 1322 3000 particeps.
1341 2925 1615 2978 hlinrrsconreniunt
1627 2924 1800 2996 Hieronymo

201 3009 250 3078 qui
272 3009 316 3062 vel
335 3009 463 3066 Eumenis
476 3009 661 3064 cummaxime
681 3010 777 3064 laudes
794 3011 976 3080 extollerent,
1022 3029 1084 3084 quae
1098 3013 1133 3068 de
1146 3015 1261 3067 avaritia
1270 3011 1432 3085 produntur
1446 3011 1578 3065 Eumenis
1595 3027 1612 3064 a
1633 3010 1799 3078 Plutarcho,

124 3081 127 3088 ’
202 3095 245 3147 vel
253 3096 402 3168 Antigoni,
418 3096 468 3168 qui
485 3096 619 3151 celebrati
632 3113 690 3168 prae
704 3097 801 3152 ceteris
821 3096 856 3152 ab
874 3099 977 3152 Hiero·
1022 3110 1050 3153 et
1077 3099 1113 3154 de
1126 3099 1254 3168 vafricia,
1280 3114 1336 3170 qua
1360 3107 1425 3169 post
1446 3107 1565 3152 mortem
1582 3097 1800 3169 Hephaestionis,

200 3197 286 3252 aymo
296 3181 376 3236 luisse
388 3180 529 3238 dicuntur.
1022 3203 1106 3256 quem
1123 3186 1312 3242 adversarium
1322 3183 1481 3254 habuerat,
1491 3182 1645 3238 Alexandri
1664 3184 1738 3238 iram
1750 3184 1800 3237 de-

245 3291 257 3313 «
273 3267 316 3320 Ex
329 3267 360 3320 iis
371 3278 462 3322 autem
475 3269 498 3322 si
510 3268 633 3341 primum
649 3269 842 3322 examinantur
855 3287 901 3337 ea,
915 3288 995 3341 quae,
1021 3272 1124 3346 hagerit
1133 3273 1230 3344 (Eum.
1242 3289 1296 3326 na
1312 3287 1319 3326 ε
1334 3266 1542 3344 θθθπανοῢργος
1552 3263 1588 3324 ὧν
1602 3268 1659 3325 κτλ.
1669 3270 1698 3342 l..

203 3353 239 3406 dc
250 3354 374 3408 Eumene
388 3353 489 3409 tradita
504 3364 624 3423 exstant,
640 3353 815 3422 Diodorum,
828 3355 975 3430 Nepotem,
1062 3381 1075 3406 ι
1086 3355 1141 3412 Sed
1153 3359 1310 3412 universam
1327 3357 1515 3426 Hieronymus
1528 3354 1681 3410 Alexandri
1691 3375 1801 3411 succes-
1894 3342 1895 3367 ³

201 3439 397 3507 Plutarchum,
410 3443 560 3496 Arrianum
573 3453 629 3497 tarn
641 3443 767 3514 apposite
777 3443 928 3518 narravisse
940 3442 977 3497 ad
1021 3463 1117 3499 sorum
1135 3444 1279 3498 historiam
1296 3439 1458 3497 tradiderat.
1470 3441 1554 3512 Cujus
1569 3443 1664 3514 operis
1683 3445 1800 3497 consilio

201 3525 277 3580 illam
287 3527 451 3600 Hieronymi
461 3529 597 3584 rationem
613 3529 774 3602 apparebit,
787 3539 818 3582 ut
829 3539 877 3584 aut
889 3532 977 3585 multa
1022 3532 1297 3588 tamconvcnientem
1306 3528 1473 3600 judicamus,
1486 3526 1630 3600 quaeapud
1641 3529 1801 3584 Diodorum
1894 3530 1895 3567 l

201 3612 380 3685 desumpsisse
394 3633 427 3669 ex
439 3633 489 3683 eo,
504 3625 552 3670 aut
563 3617 614 3670 toti
625 3617 683 3672 fere
704 3612 867 3688 pependisse
887 3617 922 3671 ab
942 3636 977 3672 eo
1023 3615 1148 3694 (XVIII,
1167 3615 1201 3692 5)
1221 3627 1261 3670 est
1272 3615 1400 3686 subjectae
1422 3615 1457 3670 ab
1477 3614 1638 3669 Alexandro
1659 3617 1732 3669 Asiae
1751 3616 1801 3670 de·
1894 3672 1895 3675 ,

201 3698 359 3769 videantur,
380 3701 517 3755 lustinum
540 3714 636 3758 contra
653 3703 721 3757 alios
742 3702 908 3775 plerumque
931 3721 985 3758 au·
1020 3704 1153 3776 scriptio,
1165 3715 1197 3758 ut
1207 3701 1352 3758 Diodorus
1370 3701 1466 3771 nobis,
1481 3719 1570 3774 quum
1583 3703 1731 3773 praeterire
1746 3721 1816 3775 po·‚

201 3797 292 3841 atores
304 3797 429 3842 secutum
439 3807 504 3844 esse.
514 3791 651 3862 Nepotem
661 3791 735 3844 enim
750 3786 888 3843 affirmare
901 3801 977 3846 certe
1022 3791 1129 3857 tuisset‚
1144 3790 1216 3844 banc
1234 3791 1323 3862 ipsam
1338 3789 1376 3843 ob
1399 3806 1537 3858 caussam,
1555 3788 1635 3861 quod
1650 3789 1726 3862 apud
1751 3807 1800 3842 an-

201 3875 266 3928 licet
277 3893 328 3929 nec
342 3873 495 3929 abhorrere
515 3874 550 3929 ab
568 3877 676 3930 ratione
696 3875 876 3946 Hieronymi,
898 3884 925 3928 et
947 3877 977 3928 in
1021 3886 1129 3931 ctorem
1148 3895 1229 3930 suum
1242 3874 1406 3942 invenisset,
1429 3873 1555 3929 invidere
1573 3893 1635 3929 eam
1650 3875 1801 3928 lectoribus
1894 3912 1895 3935 γ

201 3962 328 4032 plurimis
347 3979 411 4014 eum
434 3961 563 4016 Diodoro
587 3973 616 4015 et
637 3962 786 4016 Plutarcho
808 3963 975 4018 consentire.
1020 3964 1357 4022 suisnoluissevideatur.
1385 3965 1432 4016 Est
1444 3973 1539 4016 autern
1549 3962 1677 4032 inprimis
1689 3963 1798 4014 initiunt
1894 3982 1895 4005 ι

202 4047 364 4101 Plutarchus
376 4065 440 4102 sane
453 4049 538 4102 habet
552 4067 613 4120 quae
633 4048 733 4103 rationi
748 4049 791 4102 isti
802 4048 894 4102 minus
907 4066 976 4102 con·
1020 4051 1093 4105 illius
1108 4051 1316 4122 descriptionis,
1333 4048 1410 4103 unde
1427 4049 1481 4102 hoe
1493 4049 1572 4122 argiri
1585 4049 1692 4119 possit:
1709 4045 1800 4118 Ἡμεῖς
1873 4054 1877 4058 ’
1894 4054 1895 4073 ³

201 4137 330 4200 veniant,
345 4145 429 4205 atque
453 4143 480 4188 et
497 4133 634 4188 Duridcm
657 4133 779 4188 laudavit
804 4136 833 4188 in
848 4135 977 4188 Eumenis
1021 4133 1047 4190 δὲ
1057 4133 1120 4212 πρὸς
1130 4132 1176 4198 τὰς
1188 4132 1331 4208 μελλούσας
1340 4132 1497 4210 ἱστορεῖσθαι
1507 4129 1613 4208 πράξεις
1625 4131 1718 4188 οἰκεῖον
1735 4121 1799 4188 εἶναι

200 4223 272 4289 vita,
285 4231 313 4275 et
322 4221 390 4275 alios
400 4221 513 4275 fortasse
525 4222 607 4274 etiam
617 4222 903 4300 auctoresusurpavit,
917 4240 977 4275 non
1020 4221 1155 4296 νομίζομεν
1169 4221 1277 4276 ἐκθεῖναι
1289 4218 1411 4296 πρότερον
1423 4217 1469 4282 τάς
1481 4239 1511 4274 τι
1522 4215 1606 4282 αἰτίας
1617 4219 1663 4285 τῆς
1681 4218 1798 4274 drocti-

201 4308 237 4361 itn
257 4319 349 4361 tamen
365 4307 417 4360 hos
430 4317 539 4361 secutus
553 4319 609 4372 est,
631 4309 700 4379 quin
719 4309 893 4379 Hieronymo
913 4308 976 4379 plus
1020 4329 1083 4371 ατως
1100 4307 1145 4363 καί
1162 4304 1224 4375 θλης
1240 4310 1286 4374 τῆς
1306 4305 1390 4368 Ἀσίας
1408 4302 1456 4372 τήν
1477 4303 1545 4360 θέσιν
1564 4302 1609 4359 καλ
1627 4307 1679 4360 τῶν
1700 4326 1799 4381 σατρα-

201 4394 328 4448 tribuisse
348 4393 487 4450 rideatur.
517 4393 601 4466 Apud
614 4394 772 4449 Diodorum
789 4395 905 4466 reperiri
926 4412 976 4448 ve·
1019 4397 1099 4450 πατῶν
1109 4392 1142 4449 τὰ
1155 4392 1250 4469 μεγέθη
1263 4391 1308 4450 καί
1316 4391 1362 4456 τὰς
1374 4391 1512 4459 ἰδιότητας.
1528 4388 1608 4448 otro
1618 4387 1669 4466 γθρ
1682 4389 1797 4464 μάλιστα

200 4483 279 4554 stigia
297 4481 475 4552 Hieronymi,
494 4491 553 4536 tum
568 4499 583 4535 e
597 4483 678 4553 copia
697 4482 861 4554 intelligitur
878 4492 906 4536 et
926 4500 975 4535 co·
1019 4477 1272 4556 εὐπαρακολούθητος
1298 4485 1351 4542 τοῖς
1381 4473 1600 4548 ἀναγινώσκουσιν
1628 4479 1645 4544 ἡ
1676 4475 1796 4550 διήγησις

201 4570 262 4621 lore
275 4569 451 4640 narrationis,
463 4578 522 4620 tunt
536 4585 697 4622 aconsensu
710 4569 758 4639 qui
773 4569 938 4639 plerumque
949 4570 975 4623 ei
1019 4562 1101 4635 ἔσται,
1109 4563 1160 4641 πρὸ
1169 4566 1308 4642 θρθαλμῶν
1322 4561 1437 4631 τεθείσης
1445 4565 1491 4630 τῆς
1514 4559 1576 4630 θλης
1588 4560 1739 4626 τοποθεσίας
1751 4561 1796 4618 καὶ
1894 4574 1895 4579 ’

201 4671 265 4708 cum
280 4654 428 4707 Plutarcho
442 4666 490 4710 est.
508 4655 595 4709 Simili
612 4665 703 4708 autern
724 4655 811 4707 modo
828 4654 903 4726 apud
918 4658 974 4708 Ar·
1018 4654 1069 4707 τῶν
1084 4648 1275 4725 διαστημάτων.
1288 4648 1351 4709 Ἀπθ
1362 4646 1446 4704 τοίνυν
1458 4653 1503 4705 τοῦ
1515 4645 1583 4702 κατὰ
1592 4645 1714 4705 Κιλικίαν
1726 4646 1796 4706 Tui·
1894 4672 1895 4733 γ

201 4743 311 4794 riarium
327 4750 434 4794 exstant
454 4759 515 4812 quae
535 4751 652 4812 propter
675 4743 884 4814 congruentiam
897 4760 973 4796 suain
1019 4760 1064 4817 pou
1073 4738 1129 4793 κτλ,

202 4845 265 4880 cum
280 4827 326 4892 iis,
342 4827 558 4898 quaeareliquis
570 4827 727 4892 traduntur,
739 4829 775 4882 ad
787 4828 908 4882 cundem
924 4847 976 4882 nos
1043 4825 1142 4879 “Aliud
1160 4825 1325 4896 Hieronymi
1339 4823 1425 4894 idque
1448 4824 1512 4877 satis
1522 4830 1629 4876 certum
1653 4822 1794 4896 vestigium
1894 4866 1895 4893 γ

201 4931 345 4969 recurrere
355 4913 459 4968 fontem
472 4913 580 4984 jubent.
599 4914 765 4987 Diligentius
774 4933 842 4968 vero
851 4915 975 4986 singula·
1019 4912 1093 4984 apud
1105 4911 1265 4966 Diodorum
1278 4909 1500 4982 deprehenditur
1514 4911 1626 4974 XVlll,
1653 4909 1686 4961 16
1701 4928 1708 4960 :
1723 4904 1792 4978 Ἅμα

200 5017 262 5054 runi
276 5019 370 5056 rerum
385 5017 499 5054 examen
508 5002 660 5056 accuratius
669 5003 814 5056 etiamhoc
830 5001 952 5057 docebit.
1020 4998 1046 5053 ii
1060 4995 1156 5059 τούτοις
1168 4994 1381 5073 προταττομένοις
1407 4993 1552 5071 Περδίκκας
1568 5007 1622 5048 ctc.
1652 4994 1790 5066 usquead

242 5085 630 5166 «chuventutcpnncniset
642 5087 746 5142 delatis
758 5086 886 5158 ejurante
899 5103 972 5140 rnor-
1020 5082 1169 5161 καθάπερέξ
1183 5084 1264 5160 ἀρχῆς
1281 5073 1311 5152 ήν
1322 5079 1517 5160 μεμερισμένος.
1531 5081 1582 5137 cui
1592 5084 1656 5136 loco
1665 5083 1686 5134 si
1699 5081 1766 5134 τοπί
1784 5113 1791 5119 -
