3834 5767
682 338 931 401 DEMOClllTUS
952 338 1154 401 Asnaum.

112 482 201 535 titulis
216 480 398 544 enumeratis,
417 476 554 549 Diogenes
569 474 648 529 addit
665 476 722 529 baec
739 496 745 529 :
761 473 893 532 Τάττουσι

111 568 138 623 δι’
150 588 220 631 τινες
229 569 287 621 κατ’
303 563 371 621 ἰδίαν
382 564 412 619 ἐκ
424 565 476 619 τῶν
488 559 699 637 Ὑπομνημάτων
710 560 854 618 καὶταῦτα·

153 706 173 742 1.
195 684 237 743 Τὸ
250 682 310 762 περὶ
322 684 374 738 τῶν
385 683 412 739 ἐν
428 679 566 739 Βαὸυλῶνι
575 684 651 759 ἱερῶν
665 680 838 758 γραμμάτων.

150 792 172 829 a.
197 770 266 849 Πιρὶ
277 772 329 827 τῶν
341 771 367 825 ίν
380 768 553 846 Μερόῃὶερῶν
566 768 729 847 γραμμάτων
744 767 787 842 Γ).

151 880 175 915 a.
198 857 268 936 Περὶ
285 852 410 935 ἱστορίης.

152 966 177 1002 t.
200 940 352 1006 Χαλδαϊκὸς
364 942 448 1016 λόγος.

152 1054 173 1089 s.
194 1028 402 1110 Φρύγιοςλίγος.

153 1142 175 1177 s.
192 1118 261 1197 Περὶ
276 1120 388 1193 πυρετοῦ
402 1114 447 1173 καὶ
463 1116 512 1171 τῶν
525 1113 576 1171 ἀπὸ
589 1110 666 1170 νόσου
675 1112 823 1190 βησσόντων
838 1115 878 1189 (ἓ).

153 1226 174 1265 ⁷·
194 1202 304 1278 Νομικὰ
316 1204 399 1261 αἴτια.

151 1314 175 1351 ιι.
197 1286 341 1369 Χερνιιιίιῆ
356 1285 541 1365 προὸλήματα.

153 1402 194 1453 De
208 1398 253 1451 bis
275 1395 440 1451 Mullachius
452 1412 482 1466 p.
508 1411 558 1446 ror
583 1412 590 1446 z
610 1416 622 1440 ι
638 1394 672 1446 Ιιι
689 1396 895 1448 commentariis

115 1486 213 1539 ethicis
231 1484 328 1557 plures
338 1490 418 1536 erant
430 1480 466 1535 de
479 1480 635 1551 peregrinis
652 1480 783 1551 gentibus
794 1480 894 1551 dispu-

118 1569 256 1638 tationes,
266 1587 336 1641 quas
353 1566 499 1633 nonnulli,
512 1576 544 1617 ut
558 1583 592 1619 ex
607 1566 733 1637 Diogene
745 1565 890 1633 discimus,

116 1658 255 1729 areliquo
276 1652 544 1709 commentariorum
564 1668 685 1723 corpore
703 1664 893 1720 secernentes,

115 1744 271 1816 peculiares
280 1738 570 1809 libellosjudicabant,
586 1747 669 1809 atque
683 1738 797 1791 nomine
810 1756 894 1809 argu-

117 1830 203 1884 menti
228 1838 335 1882 naturae
358 1825 543 1879 conveniente
565 1824 772 1897 appellabant»
796 1828 804 1896 (
817 1823 892 1879 conf.

116 1918 188 1971 idem
198 1936 231 1989 p.
251 1922 304 1979 tab
317 1914 338 1989 l.
349 1911 435 1985 Quod
447 1931 505 1966 non
512 1914 646 1985 persuasit
654 1913 721 1965 mihi
733 1914 777 1966 vir
789 1912 895 1969 ‹luctis-

117 2007 212 2059 simus.
232 2006 340 2068 lmmo,
356 2018 444 2072 quum
458 1995 653 2073 Ὑπομνήματα
672 2000 772 2054 diversi
788 2006 896 2075 generis

117 2090 368 2145 commentationes
384 2087 649 2159 complecterentur,
665 2105 895 2161 unumquemque

117 2179 219 2231 librum
231 2194 287 2248 pro
301 2175 435 2248 peculiari
454 2191 539 2245 opere
556 2174 660 2228 habere
678 2174 793 2240 licebat,
812 2188 896 2248 atque

117 2276 181 2317 octo
201 2263 293 2327 tituli,
310 2279 382 2333 quos
404 2261 545 2333 Diogenes
559 2260 656 2328 affert,
672 2260 843 2332 respondent
859 2263 895 2315 li-

118 2352 173 2404 hris
192 2362 261 2403 octo
277 2344 501 2421 Ὑπομνημάτων.
514 2376 554 2387 -
567 2347 696 2401 Ceterum
717 2350 842 2419 quamvis
859 2349 896 2405 de

117 2437 289 2511 argumentis
310 2434 476 2507 paucissima
494 2431 648 2504 eademque
664 2434 727 2487 satis
746 2434 896 2491 obscuras

118 2523 262 2576 veteribus
283 2520 440 2586 tradantur,
463 2519 509 2572 'rel
527 2536 562 2572 ex
588 2519 695 2572 levibus
715 2519 757 2573 bis
777 2522 897 2596 vestigiis

117 2610 222 2681 colligo
232 2602 429 2681 Ὑπομνήματα
441 2624 500 2660 non
515 2606 595 2660 fuisse
609 2608 775 2675 Democriti,
791 2609 840 2663 sed
854 2628 897 2664 se-

118 2696 200 2749 rioris
218 2694 342 2748 bominis
360 2692 460 2745 foentm
481 2693 531 2746 suh
556 2693 718 2765 philosophi
738 2694 853 2749 nomine
867 2697 897 2748 in

118 2783 218 2854 vulgus
231 2781 350 2835 editum.

155 2870 262 2922 Plinius
274 2868 309 2923 Η.
325 2868 360 2921 N.
377 2866 482 2933 XXIV,
502 2884 567 2933 roa,
579 2885 608 2938 p.
626 2864 662 2919 36
675 2865 798 2922 Tauchn.
815 2870 896 2923 :De-

118 2958 225 3009 rnvrriti
240 2965 313 3008 certe
336 2952 509 3007 chirocmeta
529 2971 587 3006 esse
608 2964 722 3007 constat.
744 2955 783 3007 At
808 2959 837 3007 in
853 2955 898 3009 his

119 3044 168 3096 dle
189 3053 258 3115 part
293 3038 482 3110 Pythagoram
512 3059 654 3113 magorum
683 3042 896 3095 studiosissimus

118 3140 222 3199 qrtanto
228 3132 432 3199 portentosiora
445 3126 551 3179 tradit?
570 3128 603 3179 ln
618 3126 798 3198 sequentibus
809 3146 843 3181 ex
862 3148 896 3183 eo

119 3216 192 3269 libro
202 3215 292 3269 multa
307 3212 435 3268 attende
446 3212 539 3266 herbis
555 3214 583 3265 ri
598 3216 704 3286 magica
717 3215 850 3286 praeditis.
863 3250 898 3259 -

120 3302 197 3357 Patet
216 3300 340 3355 eundem
353 3299 459 3353 librum
472 3298 608 3366 indicari,
626 3317 710 3370 quem
725 3296 839 3377 Χερνυιὶ
851 3319 898 3372 ap·

117 3390 203 3459 pellat
220 3390 362 3460 Diogenes
377 3382 436 3459 ff).
451 3388 537 3439 Verus
551 3386 646 3439 titulus
665 3385 714 3457 qui
733 3386 818 3441 suerit
840 3406 899 3441 non

120 3492 233 3547 quaet-03
249 3472 493 3545 atnemohegubit
505 3473 692 3527 alienissimae
702 3486 796 3527 vetere
805 3474 898 3546 philo-

120 3561 210 3633 sopho
225 3578 283 3613 esse
296 3569 421 3613 monstra
434 3559 480 3612 illa
493 3560 700 3627 narrationum,
710 3578 828 3632 quarum
835 3578 898 3633 per·

120 3648 208 3701 multa
222 3646 259 3700 de
276 3656 336 3701 arte
351 3656 383 3699 et
402 3645 531 3700 doctrina
555 3648 662 3719 magica
677 3665 711 3700 es
735 3649 898 3701 Democrito

118 3734 279 3788 afferuntur
299 3730 342 3804 (ν.
370 3728 502 3785 Mullaeh.
524 3752 553 3805 p.
581 3732 616 3801 73
649 3750 712 3818 sqq.
738 3733 758 3807 J.
790 3734 900 3787 Etenim

120 3819 311 3890 Pythagoras,
329 3819 519 3891 Empedocles,
548 3821 725 3885 Democritus,
756 3822 837 3874 Plato
862 3822 902 3873 ad

118 3908 191 3960 banc
204 3911 336 3977 magicen
347 3906 507 3959 discendam
519 3912 693 3977 navigavere,
707 3910 800 3961 exiliis
809 3913 901 3961 verius

119 4013 204 4065 quani
210 3992 484 4066 peregrinationibus
489 3999 627 4065 susceptis.
635 3996 717 4047 Hane
725 4000 823 4048 reversi
828 4014 901 4068 prae·

119 4082 247 4134 dicavere
270 4076 375 4135 :itanc
395 4084 424 4131 in
450 4084 561 4132 areanis
574 4080 703 4136 habuere.
728 4082 900 4135 Democritus

122 4164 327 4240 Apollobechen
351 4164 475 4237 Coptiten
493 4164 556 4240 (Ψ)
572 4178 600 4219 et
611 4168 775 4221 Dardanum
791 4168 901 4225 ePhae-

150 4335 181 4394 (Ἴ
209 4337 236 4381 Ιιι
255 4330 473 4381 tidobrandinisna
488 4332 546 4381 edit.
566 4335 620 4381 est:
640 4335 696 4396 Περὶ
712 4339 758 4382 τῶν
782 4336 805 4382 ὲν
823 4336 901 4399 Μερόῃ

124 4406 228 4452 sumes
235 4402 375 4464 περίπλους,
390 4401 488 4464 reliqua
498 4402 566 4451 editt.
575 4416 659 4453 omnes
671 4405 703 4453 ita
712 4405 814 4465 liabent,
824 4408 853 4454 ut
860 4420 901 4455 su-

123 4486 165 4534 vn
177 4472 313 4535 mamus

153 4542 198 4605 (⁴⁸)
216 4541 285 4591 adde
302 4540 398 4589 vitruv.
412 4544 483 4601 ili,3
504 4544 622 4592 :Matios
638 4557 677 4593 res
689 4545 839 4599 attendens,
855 4548 902 4596 ad-

124 4616 204 4661 miror
219 4614 303 4660 etiam
319 4614 457 4661 bertardi
471 4612 503 4661 de
519 4625 605 4662 reram
617 4618 715 4663 notura
731 4616 862 4665 volutatae
879 4621 904 4666 at

126 4684 177 4741 eius
186 4684 419 4735 nominentarium,
432 4681 501 4743 quoti
510 4683 663 4732 inscribitur
672 4686 690 4733 Χ
698 4688 898 4748 reposuero-v,

126 4755 151 4799 tn
164 4763 216 4813 qao
225 4749 352 4799 utebatur
370 4750 483 4810 annulo,
492 4755 599 4812 signans
608 4766 667 4801 cero
684 4756 757 4803 motti
770 4769 828 4818 quta
841 4762 907 4807 essct

125 4822 244 4881 expertus
265 4820 317 4879 (se.
332 4831 437 4880 quorum
451 4821 501 4867 rim
515 4822 629 4883 inagicam
639 4826 752 4883 rapertus
763 4828 850 4888 esset).
870 4830 904 4875 De

126 4888 262 4937 titnioride
277 4902 333 4949 quas
350 4888 507 4949 probabiliter
519 4890 625 4952 disputat
640 4893 771 4943 Salmasius
781 4908 820 4957 ap.
841 4899 903 4945 bint-

127 4958 188 5007 heti.
197 4972 224 5021 ρ.
237 4964 282 5007 126
290 4971 327 5019 sq.
651 4992 658 5008 .

157 5036 214 5096 (⁸¹)
232 5032 414 5099 Apolloniden
424 5040 546 5085 liternum
557 5052 618 5089 corr.
637 5040 759 5089 lirinens
775 5045 796 5091 in
807 5046 903 5106 suppl,

129 5105 191 5165 qood
202 5116 286 5152 atero
300 5103 423 5153 abhorret.

1678 356 1715 405 25

937 478 1160 542 niceillurtravit,
1184 478 1369 531 volutantibus
1378 478 1507 531 Dardani
1521 482 1712 551 insepulcrum

937 580 997 631 ejus
1010 568 1122 636 petitis;
1139 569 1197 617 suis
1215 583 1276 617 vero
1288 566 1487 638 eadisciplina
1500 583 1592 619 eorum
1604 568 1688 621 editis
1702 590 1712 620 .-

937 668 1002 721 γαπ
1012 664 1121 725 recepta
1132 654 1169 705 ab
1177 654 1244 705 altis
1254 652 1394 706 bantinum
1410 664 1493 723 atque
1506 659 1647 707 transiisse
1662 675 1715 727 per

938 744 1101 793 raemoriam
1113 758 1192 811 aque
1215 759 1250 793 ac
1268 739 1343 793 nihi
1362 745 1390 792 in
1405 745 1468 793 vita
1485 742 1642 795 usitandum
1664 755 1713 799 est.

938 828 974 878 In
990 838 1096 879 aratum
1110 827 1187 897 fides
1200 831 1259 880 istis
1268 824 1375 899 sasque
1387 845 1469 881 omae
1485 829 1573 895 deest,
1596 830 1668 884 adeo
1686 843 1716 883 ut

939 916 972 976 ii,
990 916 1038 983 qui
1052 924 1143 966 cetera
1157 918 1186 966 in
1208 919 1265 967 viro
1289 916 1338 967 tito
1353 915 1482 986 probant,
1501 913 1564 967 haee
1581 922 1640 985 rjus
1657 936 1716 970 esse

938 1016 1023 1068 opera
1047 1000 1217 1071 infitienatr,
1238 1002 1302 1054 Haec
1327 1000 1431 1053 Plinius
1445 1001 1538 1069 XXX,
1564 1021 1592 1072 2,
1606 1020 1637 1075 p.
1658 1002 1711 1058 251

938 1086 1062 1139 Tauchn.
1113 1156 1116 1159 ἢ
1721 1102 1725 1108 ’

978 1176 1086 1227 Auctor
1105 1174 1208 1226 borum
1227 1174 1440 1229 mendaciorum
1465 1194 1523 1246 prae
1540 1180 1640 1233 ceteris
1661 1178 1714 1233 fuit

939 1259 1023 1312 Dolus
1033 1259 1206 1327 Mendesius,
1219 1260 1318 1331 dequo
1329 1262 1367 1314 ita
1379 1258 1493 1315 Suidas:

980 1346 1080 1414 Bata,
1095 1346 1295 1422 Δημοκρίτειος,
1313 1343 1460 1424 ριλόσορος.
1473 1346 1602 1425 Ἱστορίαν
1613 1348 1658 1406 καὶ
1671 1348 1714 1407 τί·

937 1452 1004 1507 χνην
1018 1426 1148 1507 ἰατρικήν·
1165 1428 1220 1507 ἔχει
1235 1430 1261 1485 δὲ
1278 1429 1359 1497 ἰάσεις
1372 1432 1479 1511 φυσικὰς
1492 1433 1545 1491 a'no'
1558 1458 1634 1492 τινων
1650 1440 1713 1514 βοη-

939 1518 1064 1593 θημάτων
1076 1521 1121 1587 τῆς
1132 1520 1240 1595 μύσεως.

981 1608 1067 1669 bibio<
1091 1604 1247 1676 Μενδήσιος,
1267 1605 1449 1683 Πυθαγόρειος.
1467 1608 1534 1686 Περὶ
1554 1610 1605 1665 τῶν
1621 1612 1650 1667 ἐκ
1667 1616 1713 1680 τῆς

940 1692 1110 1770 ἀναγνώσεως
1123 1696 1174 1750 τῶν
1184 1695 1303 1769 ἱστοριῶν
1312 1695 1347 1757 εἷς
1360 1694 1495 1752 ἐπίστασιν
1503 1700 1574 1769 ἡμᾶς
1587 1697 1710 1772 ἀγόντων.

939 1780 1007 1858 Περὶ
1016 1779 1178 1857 θαυμασίων.
1194 1779 1301 1839 (busina
1320 1780 1476 1860 [δυναμεροί
1488 1783 1514 1859 ]·
1531 1783 1586 1861 ἔχει
1607 1784 1634 1842 δὲ
1655 1788 1714 1867 περὶ

940 1872 1106 1943 συμπαθειῶν
1120 1870 1164 1924 καὶ
1174 1870 1351 1924 aversatam.
1367 1869 1469 1946 [Περὶ]
1478 1870 1555 1927 λίθων
1567 1874 1635 1930 κατὰ
1643 1898 1715 1933 στοι-

939 1956 1021 2033 χεῖον.
1065 1954 1131 2033 Περὶ
1147 1953 1263 2029 σημείων
1282 1958 1333 2011 τῶν
1352 1954 1378 2021 ἐξ
1397 1954 1472 2023 ἡλίου
1488 1956 1533 2013 καί
1547 1960 1657 2030 σελήνης
1670 1967 1714 2018 καὶ

941 2042 1035 2120 ἄρκτου
1048 2040 1093 2097 καί
1108 2040 1205 2119 λύχνου
1218 2040 1264 2098 >tal
1277 2039 1365 2121 ἱριδος.
1390 2045 1432 2100 ci.
1451 2047 1559 2101 Eudoe.
1581 2067 1611 2121 p.
1633 2050 1670 2123 93
1688 2064 1716 2105 et

940 2137 989 2205 oi·

979 2218 1097 2273 Fallitur
1118 2216 1216 2272 Suidas
1237 2219 1311 2272 inter
1334 2220 1435 2273 Bolum
1455 2222 1664 2277 Democriteum
1688 2236 1716 2276 et

940 2305 1115 2360 Mendesium
1135 2304 1316 2379 distinguens.
1339 2306 1419 2359 Unus
1436 2316 1557 2378 uterque
1583 2320 1610 2363 et
1628 2311 1713 2365 idem.

941 2393 1096 2448 Columella
1109 2394 1179 2459 VII,
1196 2390 1212 2445 5
1226 2410 1232 2445 ι
1246 2393 1305 2447 Sed
1315 2396 1439 2465 AEgyptii
1450 2400 1540 2464 gentis
1553 2410 1650 2449 auctor
1659 2418 1714 2451 nn·-

941 2480 1179 2534 morabt'lisBolus
1191 2480 1359 2544 Mendesius,
1376 2486 1632 2549 eujuscommenta‚
1652 2506 1716 2557 (μοι’

942 2567 1119 2638 appellantur
1124 2583 1216 2636 graece
1225 2562 1414 2637 ὑπομνήματα,
1427 2568 1477 2620 sub
1491 2576 1601 2624 nomine
1613 2574 1715 2628 Dento-

941 2650 1089 2722 critifalso
1095 2654 1259 2726 produntur,
1273 2662 1340 2719 ete,
1355 2664 1408 2707 etc.
1426 2653 1569 2726 (sequitur
1591 2659 1669 2713 locus
1681 2661 1716 2715 de

941 2742 1145 2813 pustulosarum
1162 2741 1258 2793 ovium
1278 2740 1451 2813 curatione).
1476 2744 1587 2798 Horum
1615 2766 1716 2817 parum

941 2846 1049 2883 memor
1060 2827 1214 2881 Columella
1226 2827 1282 2879 alio
1293 2826 1357 2880 loeo
1370 2845 1425 2899 pro
1438 2829 1507 2885 Boio
1517 2834 1600 2902 ponit
1611 2836 1717 2888 Dem0.

942 2917 1053 2969 critum.
1069 2916 1112 2968 lta
1125 2912 1294 2981 enim‘X1,3
1313 2933 1319 2966 :
1335 2915 1394 2968 Sed
1408 2914 1581 2971 Democritus
1601 2926 1630 2973 in
1640 2940 1673 2976 eo
1688 2924 1717 2974 li·

942 3004 990 3057 bro
1000 3006 1047 3073 qui
1055 3002 1213 3053 inscribitur
1221 2997 1287 3075 Περὶ
1300 3000 1458 3071 ἀντιπαθῶν,
1469 3001 1597 3077 affnvnat
1609 3007 1662 3061 ltus
1671 3010 1718 3063 be.

942 3086 1304 3161 stiolas(erucaslenecari,
1311 3093 1337 3141 st'
1344 3091 1449 3156 mulier,
1466 3099 1566 3163 quaein
1573 3104 1717 3150 menstruis

941 3180 989 3233 est,
1012 3169 1106 3222 solutis
1126 3168 1246 3221 crinibus
1267 3179 1296 3220 et
1319 3168 1393 3221 nudo
1406 3170 1480 3241 pede
1497 3189 1718 3247 unamquamque

943 3274 1038 3307 areant
1053 3266 1095 3307 ter
1102 3259 1251 3307 circumeat
1259 3273 1268 3304 :
1276 3254 1398 3326 posthoc
1405 3260 1478 3308 eninr
1486 3257 1612 3312 (tesidere
1625 3279 1718 3315 omnes

942 3341 1107 3395 vermiculos
1118 3352 1145 3393 et
1154 3345 1195 3393 ita
1207 3346 1300 3397 emori.
1313 3340 1349 3415 (*)

981 3429 1045 3481 lam
1058 3428 1150 3480 nullus
1161 3426 1261 3480 dubito
1278 3432 1347 3498 quin
1358 3428 1430 3482 liber
1446 3431 1639 3487 Democriteus
1651 3432 1718 3510 Περὶ

943 3510 1056 3589 ἱστορίης
1067 3512 1143 3567 idem
1156 3514 1191 3567 sit
1202 3531 1267 3565 cum
1276 3532 1327 3582 eo,
1342 3534 1427 3586 quem
1441 3518 1526 3570 Bolus
1532 3520 1642 3590 scripsit
1653 3518 1717 3598 Περὶ

943 3600 995 3655 τῶν
1014 3599 1043 3654 ἔκ
1062 3602 1108 3667 τῆς
1132 3596 1302 3673 ἀναγνώσεως
1320 3601 1370 3653 τῶν
1389 3600 1507 3677 ἱστοριῶν
1528 3603 1564 3667 εἷς
1583 3604 1719 3661 ἐπίστασιν

944 3689 1014 3755 ἡμᾶς
1028 3684 1151 3763 ἀγόντων,
1165 3688 1222 3741 sire
1242 3690 1284 3742 De
1298 3689 1416 3743 utilitate
1438 3708 1523 3761 quam
1542 3711 1577 3745 ex
1598 3694 1719 3748 lectione

944 3777 1123 3831 historiarum
1138 3777 1271 3847 capimus.
1296 3777 1386 3829 Porro
1400 3778 1493 3831 nescio
1511 3796 1547 3830 an
1564 3779 1636 3833 liber
1654 3781 1719 3856 Περὶ

945 3860 1061 3937 σημείων
1070 3865 1121 3917 τῶν
1132 3860 1159 3926 ἐξ
1170 3860 1243 3929 ἡλίου
1256 3861 1312 3917 κτλ.
1325 3864 1408 3917 lateat
1419 3866 1447 3917 in
1456 3866 1547 3933 titulo,
1559 3885 1644 3937 quem
1654 3871 1720 3923 Dio·

946 3970 1028 4025 genes
1038 3951 1136 4017 babet,
1151 3946 1245 4022 repub
1259 3946 1346 4016 αἴτια,
1360 3952 1379 4003 i.
1394 3970 1418 4004 e.
1434 3950 1608 4027 desperauerit
1628 3952 1717 4011 αἴτιαῑ

945 4038 1139 4112 argumentum
1153 4056 1216 4091 eam
1228 4056 1375 4111 magorum
1388 4038 1516 4094 doctrina
1526 4042 1719 4111 conjunctissi-

977 4207 1008 4268 (*)
1026 4211 1061 4256 lix
1076 4208 1129 4256 loco
1141 4207 1281 4256 Columella
1299 4210 1365 4269 patet
1377 4210 1506 4258 tiiisterum
1518 4211 1548 4259 ad
1560 4212 1641 4261 locum
1652 4216 1720 4267 Snid.

947 4282 1011 4325 :rete
1026 4278 1137 4325 lacunam
1146 4277 1269 4339 statuisse,
1280 4282 1304 4326 et
1313 4280 1457 4341 supplevisse
1466 4279 1535 4343 [περὶ]
1543 4283 1633 4344 Λίθων,
1644 4298 1720 4346 quum

947 4347 1107 4397 lterultardius
1118 4347 1202 4408 jungat
1212 4351 1264 4411 περὶ
1282 4365 1306 4396 s.
1317 4365 1340 4395 ιι.
1354 4366 1377 4397 α,
1395 4349 1473 4397 λίθων.
1490 4376 1521 4385 -
1537 4351 1604 4400 idem
1619 4354 1671 4414 aspi
1684 4358 1721 4402 tn-

947 4434 995 4465 τιτ.
1010 4429 1071 4477 opus
1081 4416 1216 4464 laudatura
1231 4417 1308 4466 schol.
1320 4418 1351 4466 ad
1362 4418 1472 4469 siunai.
1491 4421 1562 4469 Ther.
1576 4434 1599 4469 ν.
1613 4427 1668 4484 764,
1680 4426 1721 4472 ubi

947 4500 991 4548 pro
1004 4488 1081 4540 Βῶλος
1091 4486 1163 4547 vulgo
1172 4486 1257 4548 legitur
1265 4488 1360 4543 Ῥῶλος.
1372 4489 1487 4537 similiter
1495 4490 1554 4538 abiit
1567 4491 1592 4538 in
1603 4494 1669 4541 orus
1680 4508 1721 4555 ap.

947 4558 1030 4605 Galen.
1045 4559 1080 4605 De
1092 4557 1194 4605 antidot.
1212 4561 1248 4618 ll,
1259 4562 1288 4618 7,
1298 4559 1322 4606 in
1333 4560 1412 4608 Dolus
1421 4572 1461 4621 ap.
1471 4562 1597 4610 Columell.
1608 4576 1632 4623 p.
1644 4568 1687 4613 sii
1698 4569 1722 4613 et

949 4629 993 4674 iti
1008 4626 1046 4674 ed.
1063 4628 1221 4687 commelin,
1232 4628 1255 4676 in
1272 4630 1386 4677 Euboltts
1400 4644 1439 4691 ap.
1452 4634 1553 4679 Varron.
1573 4635 1601 4681 li.
1612 4636 1641 4681 R.
1655 4636 1679 4694 l,
1694 4643 1722 4695 t,

949 4708 1004 4755 qum
1018 4696 1077 4743 citat
1093 4698 1207 4745 lluilaeh.
1227 4712 1250 4759 p.
1274 4706 1325 4748 tao.
1342 4700 1505 4760 Tlteophrasto
1516 4700 1637 4762 jttniorem
1652 4704 1722 4753 luisse

947 4766 1062 4813 doeemur
1073 4768 1210 4826 aSlepltatt.
1224 4770 1279 4828 Byz.
1290 4782 1314 4815 v.
1330 4770 1454 4831 Ἀψιινοοςι
1469 4772 1550 4820 ἔστιδὲ
1559 4774 1600 4819 καὶ
1612 4774 1674 4828 εἶδος
1682 4792 1720 4835 ρυ-

947 4839 1003 4893 tob,
1013 4836 1064 4896 περὶ
1075 4835 1102 4883 οὗ
1113 4838 1191 4892 Βῶλος·
1207 4840 1221 4885 ὁ
1237 4840 1416 4900 Δημοκρίτειος,
1433 4842 1470 4889 ὅτι
1487 4843 1632 4905 θεὸςραστοα
1650 4845 1674 4892 ἐν
1687 4852 1721 4905 τῷ

948 4907 999 4967 περὶ
1018 4910 1094 4967 φυτῶν
1110 4906 1184 4968 ἐνάτῳ
1199 4908 1230 4955 τοι
1245 4908 1351 4971 πρόὸατα
1371 4912 1395 4958 ἐν
1410 4916 1445 4973 τῷ
1466 4913 1550 4974 Πόντῳ
1570 4913 1597 4961 τὸ
1613 4914 1722 4975 ἀψύνθιον

949 4974 1063 5035 νεμόμενοι
1074 4977 1117 5022 οὐκ
1129 4978 1191 5038 ἔχειν
1203 4979 1283 5039 χολήν.
1299 4979 1366 5041 Apud
1378 4984 1508 5029 Varronem
1516 4982 1532 5029 l.
1542 4982 1558 5029 l.
1567 4982 1627 5031 ordo
1638 4987 1721 5031 aurin-

950 5058 1004 5092 rum
1018 5046 1052 5091 est
1065 5065 1070 5094 :
1085 5047 1233 5108 Eitpborto,
1247 5050 1372 5108 Eubulus,
1392 5052 1570 5110 Lysimachus,
1587 5057 1720 5109 binarum·

951 5114 1024 5172 igitur
1039 5116 1180 5177 subprioris
1198 5119 1331 5167 rtoieinnis
1349 5121 1435 5168 risisse
1452 5122 1554 5171 ridetur.
