3834 5767
159 359 217 410 tto
836 335 1103 396 Maoasrttttts

160 483 211 537 τῶν
226 473 302 534 όλων.
319 475 376 532 Ούκ
393 471 447 531 ἔστι
483 469 574 530 δὀύτε
589 475 682 545 γαμεῖν
697 467 723 534 ἐξ
738 467 933 542 άλλουγένους,
982 468 1142 541 τὴνγῆν,ὼς
1158 466 1184 521 ἐν
1204 463 1344 540 Αἰγύπτῳ,
1359 464 1403 518 καὶ
1418 461 1461 528 τὰς
1477 464 1597 531 χλεωτὰ,
1616 464 1750 544 χώρῳ,
1803 491 1816 512 ,

161 565 212 624 οὔτ’
227 563 387 634 ἐπιτήδευμα
405 559 459 618 οὔτ’
481 557 603 638 ἐργασίαν
624 553 835 632 μεταλαμόάνειν
855 554 936 624 ἄλλην
984 553 1027 631 ἄρ’
1045 544 1081 609 ῶν
1095 554 1130 617 είς
1143 550 1189 616 τὰς
1206 551 1322 629 ὀχετείας
1339 550 1490 626 ταμιεύεται
1511 551 1540 608 τὰ
1559 550 1644 631 ὕδωρ,
1659 555 1771 612 ἐπισκο·

161 652 188 720 ἐξ
210 651 304 719 άλλης,
325 646 382 705 otti
411 645 514 710 πλείους
539 643 760 722 μεταχειρίζεσθαι
783 639 827 698 τθν
850 638 936 710 αὐτὸν,

160 738 230 806 πλὴν
245 739 268 794 el
280 738 332 792 τῶν
345 732 491 813 φιλοσόφων
502 754 540 796 τις
552 730 605 801 εἴη·
620 732 710 788 ἐᾶσθαι
727 727 778 808 γὰρ
795 731 883 785 τοῦτον
904 725 937 782 δι’

162 830 179 881 ci
209 822 267 892 τάν.

181 847 216 961 με
232 909 318 983 Apud
331 909 498 964 Strabonem
512 918 539 962 et
553 905 713 961 Diodorum
728 903 818 958 tribus
838 901 937 974 appel-

161 1001 255 1054 lantur
265 993 347 1071 μέρη,
359 994 435 1068 apud
446 996 596 1050 Arriauum
607 991 692 1066 γενεαί
702 1034 710 1064 ,
720 992 758 1044 ita
768 999 800 1042 ut
810 990 855 1044 illa
868 1005 938 1042 νοτε

163 1085 352 1159 Megasthenes
360 1100 424 1137 usus
437 1081 639 1137 assevideatur.
649 1077 839 1152 Megasthenes
846 1087 938 1130 autem

162 1191 251 1245 quum
275 1170 365 1226 tribus
387 1167 497 1224 Indicas
517 1176 674 1232 enarraret,
703 1166 733 1218 in
759 1181 794 1218 eo
821 1163 938 1230 errarit,

161 1257 243 1330 quod
274 1265 303 1312 ει
327 1256 423 1312 ὓεεεειι
446 1255 555 1308 ratione
575 1261 603 1308 ct
640 1251 676 1306 ab
705 1251 767 1305 aula
795 1247 942 1322 Pdt'alipn·

167 1345 237 1399 trica
249 1343 322 1397 banc
336 1358 397 1396 rem
410 1341 596 1412 perlustravit.
614 1339 679 1393 Sine
692 1337 744 1391 hac
758 1335 843 1390 altera
863 1352 943 1390 causa

164 1433 212 1486 vix
223 1429 285 1483 fieri
296 1438 422 1500 poterat,
432 1437 465 1481 ut
477 1437 582 1480 sextam
598 1436 626 1478 et
638 1426 782 1496 septimam
796 1422 899 1474 tribum
914 1422 943 1474 in

165 1517 249 1570 istum
260 1513 377 1570 modum
387 1494 579 1584 componeret.
589 1511 644 1566 Sed
658 1509 842 1582 Megastbcnis
856 1508 945 1562 tribus

166 1601 203 1658 ad
218 1600 327 1656 iudicas
347 1611 481 1672 qirattuor
496 1615 630 1653 revocare
651 1595 814 1650 facillimum
833 1605 882 1648 est.
903 1595 943 1648 lta

168 1691 319 1744 enimcum
332 1688 425 1742 alteris
438 1687 532 1740 altcrae
545 1695 705 1758 congruunt
718 1700 726 1738 ι

208 1776 303 1828 Prima
319 1767 408 1826 tribus
421 1773 588 1826 Brabmanas
602 1771 741 1838 continet,
751 1785 844 1840 neque
853 1778 946 1822 tamen

167 1877 282 1930 omnes,
297 1857 345 1912 sed
358 1875 406 1912 eos
424 1867 548 1924 tantum,
565 1858 614 1929 qui
636 1857 719 1910 sacris
737 1865 870 1928 praesunt.
894 1855 946 1910 Cui

170 1946 257 2001 tribui
266 1947 471 2018 megasthenem
482 1956 583 2000 ascetas
592 1943 659 1998 salso
670 1942 823 2010 addidisse,
832 1953 949 2015 apparet

170 2051 204 2088 cx
217 2034 273 2088 hoc
286 2032 398 2088 Arriani
417 2033 481 2086 loco
498 2050 505 2085 ι
523 2031 626 2087 Μοῦνον
644 2025 729 2106 σρίσιν
744 2027 856 2098 ἀνεῖται,
875 2045 947 2104 συρι-

167 2117 231 2188 σιὴν
240 2120 270 2174 ἐκ
283 2114 379 2180 πεντὰς
387 2113 472 2192 γένεος
482 2113 611 2192 γενέσθαι.
622 2115 685 2170 Ind.
701 2134 746 2183 ιτ,
758 2133 787 2187 9.
797 2114 840 2170 cf.
854 2115 947 2171 Strab.

166 2226 197 2280 p.
216 2205 281 2276 713.
291 2207 388 2260 Altera
397 2205 489 2259 tribus
502 2203 661 2277 Vticjarum
671 2213 780 2274 partem
795 2219 893 2274 agrum
901 2219 949 2256 co·

168 2294 287 2362 lentem,
303 2297 387 2346 tertia
408 2293 534 2363 impuros
555 2289 691 2362 quosdam
712 2289 848 2343 continet.
874 2289 949 2344 Man.

167 2382 205 2437 X.
220 2379 344 2453 lid—49.
357 2380 468 2450 Quarta
476 2376 729 2432 hominesduarum
736 2375 859 2430 tribuum
870 2393 949 2428 com-

167 2467 332 2541 prehendit,
348 2477 377 2521 et
387 2465 495 2539 Vdigjas
514 2459 607 2540 (φόρον
622 2461 779 2535 τελοῦντας)
800 2473 827 2516 ει
844 2461 951 2534 Codrus

170 2552 285 2632 (ἀτελεῖς
296 2551 341 2610 καί
354 2549 446 2628 μισθθν
454 2547 726 2629 προσλσμόάνοντας).
743 2551 849 2621 Quinta
860 2550 952 2604 tribus

170 2659 233 2696 cum
244 2640 342 2696 Indica
356 2641 442 2695 altera
456 2640 596 2694 convenit.
612 2639 739 2692 Inserta
759 2638 861 2690 iterum
879 2635 951 2690 dua-

63 2777 67 2786 .
170 2745 234 2783 rum
255 2727 381 2782 tribuum
400 2736 494 2799 partes
507 2727 664 2780 commixtae
678 2733 756 2791 sunt,
776 2733 804 2778 et
824 2723 952 2796 vulgares

115 2803 118 2810 Δ
170 2823 352 2887 spectatores,
372 2831 444 2884 quos
465 2830 560 2886 regem
569 2811 666 2866 Iadica
679 2812 723 2866 lex
737 2827 771 2864 ex
783 2811 861 2864 omni
874 2809 949 2864 tribu

174 2901 309 2974 colligere
332 2898 413 2970 jubet
436 2897 488 2972 (os.
514 2901 591 2954 Man.
612 2899 681 2966 til,
707 2894 776 2966 154,
803 2907 830 2950 et
855 2896 953 2950 Cullu-

172 2985 314 3042 cab’at't'ae
332 2985 583 3061 commentarium),
594 2996 623 3040 et
635 3002 697 3053 cos,
711 2985 760 3057 qui
773 2983 809 3038 ad
822 2981 954 3038 officiales

172 3071 361 3146 inspiciendos
379 3072 586 3129 emittebantur.
609 3070 654 3128 ld
673 3071 745 3125 banc
759 3070 873 3124 alteram
883 3087 953 3141 par·

174 3169 234 3215 tem
244 3160 332 3215 solam
344 3160 483 3232 pertinere
494 3169 609 3230 possunt
621 3159 679 3212 haec
689 3158 833 3213 Strabonis
845 3157 930 3211 verba
943 3170 951 3210 ι

173 3243 342 3302 καθίστανται
357 3243 380 3299 δ’
394 3244 417 3300 οἱ
428 3241 528 3322 άριστοι
553 3241 598 3299 καί
618 3242 780 3300 πιστότατοι.
800 3245 952 3316 Septimum

175 3334 282 3387 tribum
310 3330 472 3385 Brabmanae
497 3331 517 3384 ii
539 3329 678 3400 efficiunt,
709 3349 780 3404 quos
806 3331 836 3384 in
864 3331 955 3402 prima

175 3419 252 3473 trihu
282 3419 421 3474 collocare
449 3417 638 3492 Megasthenes
661 3419 763 3473 omisit.
794 3441 806 3465 r
822 3416 955 3472 Schwart-

179 3505 294 3562 tectius.

529 3632 566 3688 36
587 3653 610 3689 a.

979 644 1074 696 ’παῦσεν
1083 637 1152 703 ὅπως
1164 636 1190 704 ἐξ
1199 637 1345 708 ίσηςπᾶσιν
1356 641 1373 704 ἡ
1386 641 1438 695 τῶν
1450 638 1550 695 θδάτων
1558 640 1656 720 παρείη
1667 645 1773 719 χρῆσις.

984 730 1019 785 Οἱ
1034 727 1056 783 δ’
1071 725 1198 783 αὐτοίκαὶ
1207 728 1258 782 τῶν
1278 727 1407 803 θηρευτῶν
1421 728 1618 800 ἐπιμελοῦνται,
1628 730 1673 791 καί
1689 734 1772 805 τιμῆς

984 812 1028 872 καί
1037 811 1166 878 κολάσεως
1179 811 1229 869 εἰσί
1242 812 1326 892 κύριοι
1336 816 1388 878 τοῖς
1398 811 1521 880 ἐπαξίοις·
1535 814 1580 871 καί
1590 817 1762 894 ρορολογοῦσι

986 899 1027 970 δέ,
1051 899 1096 957 καί
1113 897 1160 964 τὰς
1179 901 1272 978 τέχνας
1292 898 1339 963 τὰς
1358 899 1420 978 περί
1437 899 1485 970 τὴν
1502 905 1552 977 γῆν
1575 901 1774 974 ἐπιόλέπουσιν,

986 986 1128 1061 ύλοτόμων,
1138 986 1274 1057 τεκτόνων,
1280 985 1412 1064 χαλκέων,
1422 989 1613 1062 μεταλλεντῶν·
1622 989 1775 1049 θδοποιοῦσε

986 1073 1024 1146 δέ,
1035 1073 1154 1135 καὶκατὰ
1164 1074 1226 1131 δέκα
1240 1075 1334 1132 στάδια
1347 1072 1447 1143 στήλην
1456 1073 1570 1146 τιθέασι,
1584 1074 1630 1140 τὰς
1642 1074 1775 1154 ἐκτροπὰς

987 1160 1033 1218 καί
1041 1161 1074 1218 τὰ
1089 1160 1256 1235 διαστήματα
1270 1162 1408 1229 δηλοῦσαν.
1424 1161 1459 1218 (lt
1480 1162 1503 1218 δ’
1525 1163 1667 1238 ἀστυνόμοι
1685 1166 1723 1229 εἷς
1743 1161 1774 1230 st

988 1247 1116 1313 πεντάδας
1125 1248 1270 1326 διῄρηνται·
1285 1247 1330 1304 καὶ
1340 1250 1364 1306 οἱ
1375 1248 1422 1321 μὲν
1432 1247 1467 1305 τὰ
1477 1248 1650 1328 δημιουργικὰ
1660 1257 1775 1308 σκοποῦ·

988 1339 1076 1405 σιν,οί
1095 1334 1122 1392 δὲ
1135 1335 1317 1412 ξινοδοχούσιν·
1338 1335 1383 1391 καὶ
1403 1334 1453 1414 γὰρ
1474 1334 1631 1412 καταγωγὰς
1644 1335 1770 1412 νέμουσι,

989 1422 1035 1478 καί
1059 1422 1112 1486 τοῖς
1139 1422 1204 1498 βίοις
1231 1420 1478 1498 παρακολουθὸύσι,
1505 1422 1649 1502 παρέδρους
1670 1425 1773 1490 δόντες·

990 1508 1035 1565 καί
1044 1507 1266 1587 προπέμπουσινῆ
1279 1508 1386 1582 αὐτούς,
1396 1505 1414 1577 ἣ
1426 1508 1460 1565 τὰ
1470 1509 1596 1587 χρήματα
1610 1511 1661 1567 τῶν
1670 1512 1775 1568 ἀποθα-

990 1596 1097 1652 νόντων·
1123 1594 1265 1652 νοσούντων
1287 1617 1316 1652 τε
1336 1595 1535 1669 ἐπιμελοῦνται,
1562 1595 1608 1651 καί
1628 1595 1775 1654 ἅποθανόν·

991 1705 1037 1747 τας
1060 1682 1196 1750 θάπτουσι.
1238 1681 1329 1760 Τρίτοι
1349 1682 1373 1738 δ’
1397 1679 1470 1752 cloia,
1489 1680 1515 1739 oi
1533 1679 1578 1747 τὰς
1594 1682 1707 1759 γενέσεις
1726 1683 1773 1740 καὶ

992 1768 1115 1834 θανάτους
1140 1768 1302 1841 ἐξετάζουσι,
1322 1767 1384 1825 πότε
1408 1766 1453 1826 καί
1474 1773 1543 1837 πῶς,
1565 1772 1617 1826 τῶν
1639 1793 1667 1827 τε
1688 1771 1774 1851 ρόρων

992 1855 1078 1933 χάριν,
1091 1854 1136 1911 καὶ
1152 1853 1222 1921 ὅπως
1236 1853 1274 1932 μὴ
1289 1858 1394 1935 ἀφανεῖς
1409 1846 1460 1912 εἶεν
1474 1857 1501 1912 αἱ
1515 1856 1645 1934 κρείττους
1656 1858 1701 1915 καί
1714 1859 1772 1935 χεί·

993 1964 1052 2015 ρους
1071 1941 1161 2018 γοναί,
1175 1941 1220 1998 καί
1233 1941 1347 2000 θάνατοι.
1369 1941 1498 2019 Τέταρτοι
1508 1944 1532 1999 ol
1545 1942 1605 2019 περί
1619 1941 1666 2009 τὰς
1685 1967 1774 2014 καταγ-

993 2027 1064 2086 λείαε
1077 2027 1122 2084 καί
1135 2027 1294 2104 μεταόολάς·
1305 2019 1341 2093 οἷς
1354 2028 1452 2104 μέτρων
1463 2027 1536 2103 μέλει
1545 2029 1590 2086 καί
1600 2033 1650 2086 τῶν
1660 2031 1774 2109 ὡραίων,

994 2114 1063 2180 ὅπως
1077 2113 1129 2171 ἀπὸ
1142 2113 1278 2191 στασίμου
1294 2117 1416 2175 πωλοῖτο,
1436 2117 1493 2174 ota
1514 2119 1568 2172 ἔστι
1587 2115 1615 2173 δέ
1629 2118 1712 2174 πλείω
1729 2119 1773 2175 τὸν

996 2199 1073 2257 αὐτὰν
1085 2200 1312 2274 μεταόάλλεσθαι,
1332 2199 1400 2270 πλὴν
1414 2204 1436 2258 εί
1452 2201 1551 2266 διττούς
1571 2203 1709 2275 ύποτελοίη
1727 2207 1771 2283 ρύ·

995 2309 1062 2365 ρους.
1077 2286 1199 2362 Πέμπτοι
1211 2288 1234 2344 δ’
1248 2290 1271 2344 οἱ
1284 2290 1443 2365 προεστῶτες
1454 2291 1505 2344 τῶν
1519 2289 1770 2367 δημιουργουμένων,

995 2372 1040 2430 καί
1060 2377 1205 2438 πωλοῦντες
1220 2378 1304 2431 ταῦτα
1326 2373 1379 2431 tat
1401 2373 1554 2449 συσσήμου,
1573 2375 1655 2453 χωρίς
1673 2377 1719 2451 μέν
1739 2376 1770 2434 τὰ

996 2459 1089 2534 καινὰ,
1112 2459 1191 2538 χωρίς
1206 2457 1234 2516 δέ
1250 2459 1284 2516 τὰ
1303 2458 1417 2517 παλαιά·
1434 2462 1472 2538 τῷ
1493 2457 1611 2535 μιγνύντι
1632 2461 1659 2519 δὲ
1680 2463 1770 2539 ζημία.

995 2537 1094 2602 ”turoi
1109 2544 1137 2602 δέ
1151 2545 1196 2603 καί
1211 2545 1317 2602 ύστατοι
1330 2548 1354 2603 ol
1371 2544 1419 2611 τὰς
1434 2546 1544 2613 δεκάτας
1559 2547 1705 2624 ἐκλέγοντες
1721 2552 1771 2606 τῶν

996 2631 1178 2708 πωλουμένων·
1194 2632 1301 2699 θάνατος
1318 2632 1344 2690 δέ
1361 2635 1399 2714 τῷ
1416 2633 1540 2713 κλέψαντι
1560 2637 1591 2691 τὸ
1608 2635 1688 2701 τέλος.
1708 2636 1771 2716 'itta

998 2721 1044 2795 μέν
1069 2719 1174 2778 ἔκαστοι
1196 2725 1295 2791 ταῦτα,
1318 2725 1390 2798 κοινῇ
1420 2720 1443 2777 δ’
1465 2722 1647 2796 ἐπιμελοῦνται
1671 2726 1722 2781 τῶν
1743 2746 1771 2780 τε

998 2806 1070 2864 ἰδίων
1098 2806 1142 2864 καὶ
1170 2810 1222 2863 τῶν
1255 2809 1394 2864 πολιτικῶν
1420 2807 1465 2864 καὶ
1488 2811 1535 2877 τῆς
1563 2810 1614 2865 τῶν
1640 2809 1771 2885 δημοσίων

999 2897 1136 2961 ἐπισκευῆς
1147 2896 1229 2967 τιμῶν
1240 2915 1269 2950 τι
1282 2893 1326 2951 καί
1336 2898 1430 2972 ἀγορᾶς
1443 2893 1488 2951 καί
1498 2893 1621 2969 λιμένων,
1631 2896 1676 2953 καί
1685 2899 1770 2976 ἱερῶν.

1038 2980 1113 3040 Μετὰ
1123 2981 1151 3038 δὲ
1159 2978 1217 3045 τοὺς
1228 2979 1386 3056 ἀστυνόμοις
1395 2981 1468 3059 τρίτη
1479 2981 1533 3039 ἐστὶ
1542 2981 1670 3060 συναρχία
1678 2985 1738 3052 ains
1746 2980 1769 3060 pt

999 3066 1039 3125 τὰ
1061 3065 1300 3146 στρατιωτικὰ,
1326 3067 1371 3125 καί
1390 3067 1456 3138 αύτη
1479 3069 1535 3132 ταῖς
1556 3069 1678 3126 πεντάοιν
1693 3068 1771 3146 ἐξαχῇ

1000 3153 1170 3234 διωρισμένη·
1182 3145 1218 3212 ῶν
1232 3155 1287 3224 τὴν
1302 3155 1358 3231 μὲν
1370 3155 1436 3232 μετὰ
1446 3161 1491 3212 τοῦ
1501 3155 1631 3234 ναυάρχου
1640 3155 1770 3225 τάττουσι,

999 3243 1056 3312 τὴν
1070 3241 1104 3299 δέ
1118 3240 1185 3319 μετὰ
1202 3247 1246 3300 τοῦ
1261 3241 1305 3300 ἰπὶ
1320 3247 1371 3300 τῶν
1387 3246 1482 3320 βοῖκῶν
1498 3246 1603 3320 ζευγῶν,
1624 3243 1656 3300 δι’
1673 3235 1710 3303 ὧν
1729 3242 1773 3320 tp-

999 3351 1066 3403 γσνα
1080 3330 1213 3396 κομίζεται
1227 3327 1272 3386 καὶ
1292 3327 1375 3408 τροφὴ
1389 3331 1474 3395 αύτοῑς
1487 3352 1516 3387 τε
1539 3330 1584 3387 καί
1604 3338 1656 3396 τοῖς
1669 3329 1772 3400 κτήνεσι

1000 3414 1045 3472 καὶ
1057 3414 1091 3472 τὰ
1103 3414 1220 3494 χρήσιμα
1235 3420 1280 3484 τῆς
1290 3414 1437 3494 στρατείας.
1453 3407 1534 3476 Οὗτοι
1547 3415 1574 3474 δέ
1588 3416 1634 3476 καί
1648 3416 1706 3483 τοὺς
1719 3418 1774 3475 δια-

1001 3500 1089 3567 κόνους
1107 3503 1250 3581 παρέχουσι
1270 3500 1449 3577 τυμπανιστὰς
1463 3501 1509 3559 καί
1524 3502 1599 3578 (τοὺς)
1620 3503 1774 3582 κωδωνορό-

1002 3611 1077 3668 ρους,
1094 3587 1173 3646 ἔτιδὲ
1194 3588 1239 3646 καὶ
1262 3588 1423 3665 ἱπποκόμους
1445 3590 1490 3647 καί
1517 3589 1708 3668 μηχανοποιούς
1730 3589 1774 3647 καί

999 3675 1058 3741 τούς
1081 3675 1176 3734 τούτων
1192 3675 1335 3754 ύπηρίτας·
1353 3675 1517 3750 ἐκπέμπουσί
1529 3699 1557 3734 τε
1571 3677 1634 3755 πρὸς
1655 3679 1775 3740 κώδωνας

216 3764 316 3821 Strabo
327 3764 389 3833 XV,
399 3782 429 3836 p.
444 3782 498 3834 707
510 3766 620 3839 pergit:
635 3765 696 3823 Τῶν
705 3762 868 3842 δ’άρχόντων
876 3765 900 3820 ci
909 3764 955 3838 μέν
999 3761 1057 3828 τούς
1082 3761 1263 3842 χορτολόγους,
1288 3766 1353 3841 τιμῇ
1375 3762 1420 3822 καί
1445 3763 1552 3821 κολάσει
1577 3765 1607 3820 τὸ
1626 3764 1706 3843 τάχος
1724 3787 1775 3821 κα-

178 3849 242 3909 είσιν
254 3848 419 3928 ὰγορανόμοι,
432 3851 455 3907 οἱ
466 3848 487 3906 δ’
498 3849 678 3925 άστυνάμοι,οί
688 3849 710 3907 δ’
720 3849 954 3929 ἐπὶτῶνστρατιω·
999 3848 1217 3925 τασκευαζόμενοι
1236 3849 1282 3907 καί
1302 3849 1349 3920 τὴν
1370 3850 1523 3928 σἰσράλειαν.
1540 3849 1601 3924 Τρί
1606 3873 1658 3908 τοι
1672 3850 1701 3907 δέ
1714 3851 1775 3906 εἰσιν

178 3927 715 4014 τῶνῶννίμὲνποταμοίιςέίεργάζονται,
728 3935 954 4016 καίάναμετροῦσι
1000 3939 1024 4006 oi
1044 3939 1094 3993 τῶν
1117 3940 1200 4004 πεζῶν
1226 3938 1439 4013 ἐπιμελούμενοι·
1459 3936 1615 4016 τέταρτοι
1639 3935 1661 3995 δ’
1682 3940 1706 3994 ol
1727 3939 1776 3993 τῶν

182 4051 1760 4086 mmmm-p-

178 4104 203 4150 ει
217 4101 370 4164 magistratus
386 4103 410 4150 et
422 4102 513 4163 judicia
529 4105 553 4151 ct
567 4115 647 4150 rerum
662 4103 769 4151 omnium
788 4102 961 4151 administratio
1003 4103 1522 4166 deuastadialapidemlocantdcrerticutaet
1532 4103 1657 4152 distantias
1664 4102 1776 4152 indican-

121 4172 126 4184 '
179 4179 276 4240 geritur.
292 4182 345 4228 Nor
357 4179 413 4228 licat
424 4193 454 4228 οκ
467 4181 514 4228 alio
530 4193 614 4242 genere
628 4179 653 4228 ln
662 4180 727 4229 allud
738 4181 890 4230 matrimonio
900 4194 956 4229 con·
1004 4183 1062 4230 tem.
1203 4167 1206 4176 '

182 4257 299 4305 trahendo
308 4257 421 4318 transire,
437 4258 518 4306 autab
534 4260 605 4307 nnius
620 4259 713 4320 generis
728 4258 843 4308 institutis
858 4258 961 4307 edatius
1034 4256 1125 4305 Urbani
1136 4255 1216 4305 ediles
1226 4256 1251 4305 ta
1261 4257 1493 4318 sexquintcrnicres
1507 4255 1776 4306 suntdirisi.1iamalii

181 4331 337 4394 descendam
347 4345 425 4394 nequae
439 4333 510 4383 simul
522 4335 665 4395 pluribnsse
681 4334 738 4384 dare
754 4334 900 4396 tractandis,
915 4334 961 4384 nisi
1003 4333 1097 4395 opiticia
1112 4333 1253 4394 inspiciunt,
1273 4333 1314 4382 alii
1329 4333 1449 4396 hospitum
1465 4335 1660 4396 procurationem
1675 4335 1776 4395 garum,

182 4408 338 4470 philosophus
346 4409 400 4470 quis
408 4409 450 4471 sit;
461 4410 517 4459 huic
526 4409 590 4459 enim
601 4411 633 4460 ob
645 4411 758 4461 virtutem
768 4409 913 4460 conceditur.
1004 4411 1105 4470 hospitia
1125 4410 1154 4458 iis
1171 4408 1330 4470 distribuunt,
1348 4413 1374 4459 ct
1392 4411 1468 4458 vium
1483 4423 1568 4460 corum
1588 4409 1732 4470 observant,
1754 4411 1779 4458 at

524 4493 568 4544 36,
592 4503 617 4543 a.
1003 4489 1104 4536 anacim
1117 4485 1229 4546 ludant,
1242 4485 1446 4536 atdeducnntrel
1458 4480 1616 4548 ipsosrcl‚ii
1635 4487 1775 4545 moriautur,

215 4565 250 4610 Dc
266 4561 442 4623 ιυεςίοιεειθνοο
458 4563 498 4614 alii
515 4577 632 4625 annonas,
646 4565 686 4614 ulit
703 4564 771 4626 urbi,
787 4565 826 4613 alii
845 4565 960 4615 militibus
1003 4562 1778 4625 opacorummgmtsrtiumqucqcccuramnabcntetmortuos

187 4642 301 4700 primum.
337 4643 429 4690 tiorum
446 4643 516 4703 primi
535 4647 621 4692 curant
636 4641 749 4704 numina,
762 4643 801 4692 alii
811 4657 895 4705 agrum
909 4657 956 4692 me·
1003 4641 1128 4704 sepeliunt.
1159 4638 1233 4692 Tertii
1241 4640 1298 4689 sunt
1306 4639 1349 4702 qui
1358 4643 1425 4689 crim
1433 4647 1458 4690 et
1468 4639 1561 4690 obitum
1571 4640 1659 4690 civium
1670 4642 1777 4690 scrutan-

188 4717 291 4776 tiuntur,
302 4719 329 4765 ut
344 4717 368 4765 in
378 4720 491 4780 Alapta,
503 4722 527 4768 ct
543 4719 628 4768 clausis
638 4732 708 4781 aquae
718 4719 830 4770 ductibus
841 4723 960 4782 praesunt,
1003 4721 1052 4779 tur,
1069 4716 1164 4780 quando
1175 4718 1200 4766 et
1209 4717 1331 4778 quomodo
1339 4719 1474 4779 evenerint;
1484 4717 1556 4780 idque
1565 4717 1713 4767 tributorum
1722 4730 1776 4779 gra·

186 4792 214 4842 ot
231 4805 260 4841 ex
277 4805 348 4854 ecquo
361 4793 472 4843 omuibus
494 4807 611 4855 aquarum
629 4809 687 4845 usus
707 4795 849 4858 suppeditet.
884 4796 960 4846 tidem
1003 4795 1053 4854 tia,
1084 4795 1109 4844 et
1123 4807 1154 4844 nc
1165 4794 1221 4844 boni
1230 4794 1318 4843 malive
1327 4795 1438 4843 nativitas
1448 4798 1472 4843 ct
1485 4809 1551 4844 mors
1561 4795 1660 4844 lateant·
1693 4795 1777 4852 Quarti

187 4871 421 4918 venatorumcuram
431 4871 658 4932 gauntetpraemu
667 4871 809 4934 atsupplicii
820 4873 962 4934 promeritis
1004 4872 1068 4920 circa
1078 4885 1198 4934 cauponas
1213 4874 1238 4921 ct
1246 4873 1391 4920 commercia
1403 4874 1538 4921 versantur.
1569 4873 1776 4921 iiimcnsurarum

187 4949 329 5009 mactatam
348 4945 449 5003 babent.
468 4949 492 4996 et
509 4947 599 4996 tributa
612 4948 692 5010 tegunt
710 4951 735 4998 ct
754 4951 817 4998 artes
835 4949 962 5010 inspiciunt
1005 4951 1147 5012 frugumque
1155 4963 1237 5000 carram
1247 4951 1350 5011 babent,
1366 4953 1393 5000 ut
1402 4952 1538 5014 consignata
1547 4952 1691 5012 vendantur,
1700 4965 1778 5014 acque

190 5037 248 5088 quai
258 5025 321 5073 circa
331 5026 577 5088 tarramcrcrcentur,
586 5029 703 5077 otacrum
711 5027 753 5090 qui
761 5027 867 5088 lignsvel
875 5027 962 5077 ‹lomos
1004 5030 1083 5078 sinuit
1094 5029 1196 5078 eundem
1208 5031 1276 5092 plura
1284 5032 1447 5090 commutare,
1456 5031 1499 5079 uisi
1509 5030 1598 5092 duplex
1609 5030 1710 5092 secuml
1724 5042 1776 5092 pcr-

188 5102 318 5153 νιΙεοινει
330 5103 426 5152 metalla
435 5109 573 5166 operantur.
590 5103 726 5156 coniciunt
736 5103 809 5155 etiam
819 5103 869 5154 vias
885 5107 963 5167 etpcr
1004 5106 1089 5155 solvat.
1121 5106 1204 5163 Quinti
1222 5107 1333 5169 operibus
1346 5106 1454 5156 locandis
1471 5109 1591 5170 presunt,
1609 5119 1638 5157 ea
1655 5105 1777 5169 obsignata
