3834 5767
198 387 1570 432 mmm-“mmm“amaa-›vva-»b-»bbbbwmbn

657 733 1123 912 pantano.

744 1105 1026 1141 —Qb——a

249 1405 412 1476 Historia·
428 1404 588 1474 studium
606 1403 648 1473 iis
669 1404 820 1472 maxime
835 1403 1057 1498 temporibus
1072 1400 1117 1474 ad
1131 1401 1285 1474 fructum
1304 1399 1527 1472 uberrimum
1544 1413 1579 1470 et

199 1531 244 1601 ad
263 1529 481 1600 suavitatem·
488 1525 793 1619 jucundissimum
813 1537 883 1610 est,
903 1523 1035 1618 quibus
1058 1539 1177 1594 motus
1199 1523 1248 1594 illi
1265 1523 1498 1592 revolvuntur
1524 1524 1581 1592 in-

198 1667 338 1746 gentes,
355 1647 452 1718 nnde
469 1671 584 1716 novus
604 1669 722 1715 rerum
734 1645 973 1713 humanarnnr
996 1643 1086 1714 ordo
1099 1645 1270 1738 exsurgit,
1281 1669 1321 1714 ac
1333 1669 1424 1714 nova
1437 1643 1580 1740 populis

201 1773 269 1843 lata
291 1770 528 1840 destinantur.
555 1766 870 1836 verumenimvero
895 1765 983 1834 durn
1007 1787 1161 1862 praesens
1189 1781 1413 1835 momentum
1442 1765 1582 1835 animos

200 1905 353 1987 occupat
369 1905 405 1960 et
428 1889 539 1960 futuri
552 1887 767 1984 exspectatio
790 1888 884 1958 inter
902 1913 1002 1984 spem
1027 1904 1233 1984 metumque
1254 1903 1350 1959 tenet
1374 1913 1583 1984 suspensos,

200 2009 923 2086 exterritaeMusaeconticescereacdeserta
932 2012 1131 2107 priscorum
1140 2025 1373 2080 monumenta
1382 2011 1583 2081 seculorum

202 2135 362 2232 squalere
382 2133 509 2203 solent.
524 2135 665 2216 Quaeras
684 2131 790 2225 igitur
805 2156 960 2226 quanam
978 2131 1197 2202 confidentia
1218 2145 1252 2200 et
1272 2133 1476 2219 securitate,
1496 2131 1583 2200 dunr

201 2255 385 2324 ruentium
402 2251 537 2346 fragore
551 2275 743 2345 regnorum
763 2252 885 2320 omnia
901 2252 1108 2347 implentur,
1127 2277 1193 2322 nos
1206 2251 1344 2322 tabulas
1361 2253 1495 2348 quibus
1511 2253 1586 2322 lon-

202 2378 335 2472 ginqua
349 2373 567 2469 populorum
591 2373 764 2442 memoria
782 2373 988 2467 consignata
998 2390 1063 2462 est,
1085 2375 1268 2470 colligere,
1285 2374 1434 2445 collecta
1454 2377 1490 2444 in
1515 2399 1583 2470 pu·

203 2497 339 2567 blisum
363 2519 461 2563 nunc
487 2493 592 2563 edere
616 2517 801 2562 conemur.
829 2494 1009 2564 Nimirum
1031 2520 1105 2564 non
1134 2510 1208 2564 tarn
1240 2509 1426 2590 stupemus
1452 2495 1489 2566 in
1518 2495 1586 2565 bac

205 2630 414 2712 tempestate
431 2614 567 2708 fulgura
584 2613 644 2683 illa
658 2612 806 2700 Gallica,
824 2611 957 2708 quibus
974 2639 1147 2685 concussa
1161 2619 1301 2708 Europa
1317 2617 1486 2686 miscetur
1505 2619 1587 2688 uni·

205 2763 322 2823 versa,
336 2760 444 2831 quam
461 2734 680 2804 admiramur
693 2733 772 2803 coeli
784 2733 940 2829 solisque
953 2737 1197 2826 serenitatem,
1212 2761 1291 2832 quae
1305 2751 1456 2807 sonante
1470 2737 1589 2807 adbuc

207 2859 342 2928 tonitru
356 2881 420 2951 per
434 2870 526 2926 atras
546 2855 661 2926 nubes
674 2855 841 2950 refulget,
856 2858 947 2944 sive,
962 2872 1001 2926 ut
1021 2857 1187 2928 disertius
1201 2858 1401 2954 loquamur,
1422 2859 1587 2928 eximiam

207 2979 351 3048 victoris
366 2976 491 3072 populi
504 2976 786 3046 moderationem
803 3001 1052 3074 summamque
1063 2979 1221 3049 virorum
1236 2979 1369 3074 quibus
1384 2979 1589 3074 reipublice

207 3098 447 3195 gubernacula
466 3099 656 3167 commissa
675 3111 777 3183 sunt,
802 3097 1028 3192 prudentiam
1048 3127 1056 3168 :
1077 3125 1148 3196 qua
1167 3099 1314 3196 quidem
1336 3099 1503 3170 ellectum
1518 3116 1588 3186 est,

208 3235 248 3290 ut
263 3220 308 3289 ad
323 3233 423 3288 sueta
443 3218 585 3313 negotia
602 3219 715 3288 cuivis
728 3216 803 3309 jam
817 3217 932 3289 redire
948 3219 1067 3308 liceat,
1087 3219 1196 3290 modo
1214 3245 1259 3290 ne
1279 3244 1368 3290 vana
1383 3222 1528 3290 terroris
1545 3223 1589 3292 si·

210 3341 365 3410 mulacra
380 3339 489 3434 fingat
502 3338 702 3434 trepidatio.
718 3342 871 3407 Tantum
891 3341 997 3434 igitur
1015 3341 1132 3428 abest,
1150 3357 1190 3412 ut
1212 3342 1435 3437 antiquitatis
1451 3342 1589 3429 studia,

210 3463 373 3560 praeclara
382 3462 502 3558 patriae
509 3461 639 3530 amoris
649 3461 898 3548 instrumenta,
908 3461 1129 3532 oblivionem
1134 3461 1207 3556 jam
1220 3485 1361 3532 manere
1371 3487 1590 3554 censeamus,

211 3601 250 3654 ut
265 3610 308 3654 ex
331 3608 425 3654 nova
444 3583 607 3653 libertate
623 3606 759 3652 novum
774 3581 818 3650 iis
831 3580 943 3650 robur
961 3606 1185 3652 accessurum
1204 3608 1281 3654 esse
1299 3607 1509 3679 persuasum
1533 3585 1589 3656 sit.

210 3710 331 3801 Neque
342 3705 569 3801 desperamus
580 3701 828 3774 collectionem
845 3703 1058 3798 scriptorum
1067 3707 1284 3791 Graecorum,
1301 3727 1408 3800 quam
1426 3729 1490 3800 per
1504 3705 1592 3776 duo·

213 3827 328 3897 decim
342 3850 440 3896 nunc
458 3849 573 3896 annos
586 3830 760 3894 Framuus
776 3827 892 3894 Dmor
908 3839 1090 3894 crescente
1106 3825 1143 3894 in
1169 3825 1264 3895 diem
1284 3826 1392 3896 studii
1413 3826 1591 3897 alacritate

213 3973 296 4018 eum
312 3949 446 4042 ingenti
464 3971 575 4042 opum
595 3944 786 4040 dispendio
805 3944 975 4030 instituit,
997 3944 1189 4040 plaudente
1205 3946 1386 4016 literarum
1411 3946 1592 4042 republica

214 4070 253 4137 in
270 4067 447 4138 honorem
460 4067 580 4163 patriae
593 4089 697 4161 posse
713 4061 865 4150 absolvi,
880 4063 1040 4161 adeoque
1065 4067 1173 4136 semel
1196 4082 1289 4138 certe
1308 4069 1531 4162 contingere,
1554 4084 1594 4138 ut

215 4187 513 4258 literariacraeciae
525 4185 804 4256 monumentain
817 4209 932 4254 unum
944 4187 1173 4282 omniaquasi
1182 4203 1592 4282 corpuscomponantur.

262 4311 426 4378 Ceterum
446 4307 530 4378 satis
547 4321 686 4376 constat
702 4330 776 4375 non
794 4305 1017 4400 acquiescere
1037 4307 1237 4377 Firminum
1259 4306 1370 4377 Didot
1385 4308 1421 4378 in
1444 4307 1594 4378 edendis

215 4427 402 4522 operibus,
425 4451 504 4521 quae
527 4425 662 4520 integra
678 4424 723 4494 ad
741 4449 808 4494 nos
829 4424 1086 4520 perdurarunt,
1107 4427 1297 4497 sedetiam
1324 4427 1594 4523 deperditarum

216 4549 346 4618 rudera
354 4546 553 4641 colligenda
566 4561 601 4616 et
614 4544 660 4614 ad
674 4545 781 4640 prisci
791 4546 929 4615 ordinis
942 4547 1214 4618 similitudinem
1227 4546 1453 4642 disponenda
1461 4571 1595 4618 curare.

216 4668 325 4754 Quod
340 4669 543 4737 institutum
561 4690 676 4762 quum
691 4666 728 4734 in
740 4664 888 4761 reliquis
905 4665 1018 4736 literis
1033 4669 1184 4763 perutile
1198 4683 1269 4754 est,
1284 4682 1361 4737 tum
1378 4693 1461 4738 vero
1476 4669 1513 4742 in
1534 4669 1594 4755 iis,

215 4811 297 4883 quae
318 4787 364 4856 ad
383 4786 565 4856 historiam
580 4787 780 4881 pertinent,
799 4788 931 4856 summi
947 4803 1044 4883 patet
1063 4814 1139 4860 esse
1158 4789 1343 4860 momenti.
1360 4788 1462 4858 Viam
1475 4790 1512 4858 in
1539 4789 1597 4858 bis

216 4933 364 5004 quoque
376 4909 511 5003 praeivit
523 4933 563 4979 ac
578 4909 690 4978 facem
703 4908 856 5003 pretulit
871 4907 964 4978 libro
981 4909 1225 5000 laudatissimo
1241 4912 1463 5006 (bragmento
1481 4911 1596 4981 lusto·

220 5032 373 5098 rirorum
386 5033 719 5124 antiquissimorum,
736 5029 972 5124 Heirlelbergoe
984 5031 1086 5125 1806)
1096 5032 1326 5103 Venerandus
1337 5036 1465 5100 Nestor
1480 5032 1598 5126 pbilo-

222 5153 610 5244 logorum,Famt·:ntcus
625 5155 836 5222 Caeuzeaus.
846 5151 955 5245 Cujus
972 5155 1035 5223 viri
1049 5153 1269 5224 celeberrimi
1284 5167 1484 5247 prementes
1498 5156 1599 5222 resti-

361 5283 501 5320 ΜῦΙὶΜΆ
515 5283 575 5318 ΙΙΙέΪ.
591 5283 629 5319 GR·
641 5283 730 5319 ··V()b.
750 5285 775 5319 ll·
908 5289 914 5302 '
1444 5291 1462 5330 fl
