3834 5767
140 347 198 398 stt
724 323 942 386 ntattotttttt
962 322 1146 383 CAHIHANI
1205 321 1212 330 “

141 461 313 530 dammodo,
333 462 354 514 si
368 455 444 532 apud
462 457 667 528 Hieronymum
688 453 804 510 traditas
816 471 860 508 res
873 453 912 508 ita
958 453 1028 508 σθαι.
1044 451 1165 508 Diodor.
1177 451 1285 520 XVIII,
1298 451 1336 508 58
1351 472 1359 508 ε
1380 450 1427 512 Ἐν
1444 441 1485 516 οἷς
1497 443 1529 522 ἦν
1538 457 1738 532 γεγραμμίιαν,

140 553 222 610 fuisse
235 557 379 615 statuatur,
391 556 424 599 ut
438 546 592 608 Eumenes,
605 551 753 614 postquam
767 539 913 595 consilium
958 535 998 594 ὅτε
1011 535 1171 596 πεντακόσια
1187 533 1235 612 μίν
1247 536 1365 596 τάλαντα
1381 539 1496 597 διδόασιν
1508 542 1582 620 αύτῷ
1596 543 1734 622 iopam

141 625 915 710 quodceptssetinmmeniamconfugiendi‚etnsumesser
962 623 1077 699 βασιλεῖς
1090 624 1125 688 είς
1147 620 1321 700 ἐπανόρθωσιν
1342 627 1393 682 τῶν
1412 624 1591 701 γεγενημένων
1610 629 1669 707 περὶ
1686 632 1738 686 σύ-

141 724 299 778 defectione
308 719 461 774 multorum
470 716 590 769 militum
603 731 729 780 suorum,
742 731 830 785 quum
839 710 915 768 Nora
959 708 1003 766 τὸν
1017 711 1219 786 ἐλαττωμάτων,
1231 709 1276 768 καὶ
1298 710 1363 770 324„
1381 711 1525 788 γράψω
1544 712 1701 773 gnam„
1711 719 1739 773 οἱ

140 810 252 864 nonnisi
261 823 365 881 paucos
375 821 407 858 ac
415 801 562 856 fidissimos
571 817 698 872 quosque
708 817 802 854 secum
812 798 915 854 ducere
962 797 1077 874 βασιλεῖς
1087 795 1151 872 πρὸς
1169 796 1228 863 τούς
1237 799 1264 856 ἐν
1279 801 1313 876 τῇ
1326 797 1433 877 Κιλικίᾳ
1443 798 1604 878 πριηρὼς
1617 801 1664 860 221
1680 808 1738 874 ag.

140 905 250 968 posset,
272 894 348 948 ultro
367 891 424 963 ipse
438 889 576 961 reliquos,
590 896 622 940 ut
636 885 672 940 ad
694 887 868 960 Antigonum
886 902 916 940 se
961 880 1175 961 σαυρορύλακας,
1197 883 1269 950 ύποις
1287 886 1361 965 αύτῷ
1385 884 1420 943 τὰ
1441 888 1601 945 πεντακόσια
1619 889 1739 948 τάλαντα

142 981 318 1046 conferrent,
344 976 496 1048 impulerit.
523 971 707 1028 Memorabile
733 973 818 1027 etiam
840 969 916 1026 idem
961 969 1026 1026 δῶσι
1041 969 1151 1030 καὶτῶν
1166 970 1404 1050 ἄλλωνχρημέτσιι
1413 971 1506 1031 &aas
1520 975 1617 1052 uirgo-,1
1630 977 1736 1055 3902„

141 1079 292 1139 utrumque
302 1065 467 1136 scriptorem
478 1059 632 1137 (Plutarch.
645 1060 727 1113 Eum.
741 1076 766 1116 c.
782 1076 812 1112 ιι
824 1074 832 1126 ς
844 1058 915 1112 Dio·
960 1052 1007 1120 τὰς
1016 1052 1158 1132 ξενολογίας
1164 1055 1210 1118 καί
1216 1055 1262 1124 τὰς
1274 1056 1357 1123 ἄλλος
1367 1056 1415 1124 τὰς
1424 1056 1735 1138 χαηπμρώσιςχμηας,

142 1153 208 1214 dor.
230 1151 344 1218 XVIII,
368 1147 423 1222 li)
445 1146 557 1202 tradere
578 1145 614 1201 de
634 1145 755 1200 circuitu
773 1144 916 1199 Nororum
1001 1145 1128 1200 osimilis
1140 1163 1288 1202 consensus
1296 1146 1332 1202 de
1345 1147 1514 1220 epistolisab
1528 1149 1740 1222 Olympiadem}

141 1240 254 1299 castelli.
963 1231 1115 1284 Eumenem
1131 1242 1159 1286 et
1174 1232 1283 1288 abhoc
1300 1233 1338 1288 ad
1358 1233 1557 1306 Olympiadem
1576 1234 1649 1290 datis
1665 1238 1742 1291 inter

184 1351 199 1376 ι
215 1326 261 1382 Ad
279 1321 400 1380 eundem
411 1337 500 1394 porro
517 1329 663 1373 auctorem
680 1315 840 1372 revocanda
853 1326 918 1370 sunt
962 1316 1122 1372 Diodorum
1134 1315 1175 1394 (c.
1191 1318 1244 1394 58)
1262 1331 1292 1374 et
1309 1322 1448 1393 Nepotem
1464 1339 1491 1376 c.
1510 1321 1542 1379 6.
1560 1322 1740 1379 Coniumda
1765 1327 1775 1346 ⁸

143 1433 205 1486 quae
218 1430 235 1468 a
249 1409 377 1466 Diodoro
393 1408 504 1475 XVIII,
524 1412 577 1474 ⁴2,
597 1405 705 1476 Nepote
726 1423 753 1459 c.
770 1399 786 1458 5
801 1413 830 1458 et
849 1401 917 1459 Plu·
962 1421 1051 1475 porro
1062 1423 1123 1476 qua
1133 1405 1170 1460 ad
1178 1406 1398 1479 prevertcndam
1406 1407 1595 1462 Macedonum
1603 1409 1739 1465 invidiam

144 1499 242 1554 tarcho
254 1516 281 1552 c.
302 1514 334 1550 rr
348 1495 384 1550 de
399 1510 555 1566 equorum,
577 1508 662 1563 quam
680 1491 764 1544 Noris
781 1487 919 1546 Eumenes
963 1495 1100 1548 Eumenes
1114 1493 1287 1548 machinatus
1298 1503 1348 1548 est.
1361 1494 1502 1548 Plutarch.
1515 1512 1542 1552 e.
1557 1493 1594 1550 23
1606 1511 1614 1552 ι
1627 1494 1682 1552 Τὸν
1692 1493 1742 1568 μὲν

144 1586 275 1655 instituit,
297 1581 495 1638 exercitatione
516 1577 676 1644 traduntur,
699 1577 731 1630 in
753 1593 811 1647 quo
832 1574 918 1628 rerba
963 1578 1055 1657 φθόνον
1079 1578 1133 1653 (cl.
1149 1578 1235 1634 Diod.
1256 1598 1284 1636 c.
1301 1579 1337 1634 61
1356 1598 1364 1634 ε
1386 1576 1440 1638 Τον
1458 1579 1517 1636 καθ’
1531 1581 1626 1636 ίαυτοῦ
1645 1579 1740 1658 ρθίτσι

145 1671 310 1742 Hieronymi
326 1667 481 1740 religiosius
500 1664 615 1720 sortasse
632 1662 764 1736 expressit
775 1660 919 1717 Diodorus
964 1663 1133 1744 ἀπετρίψατο.
1142 1667 1238 1738 Nepos
1248 1684 1274 1724 c.
1287 1685 1303 1736 η
1317 1685 1326 1721 ε
1341 1669 1474 1722 Invidiam
1487 1663 1604 1743 omns)
1620 1666 1743 1743 Εὐμένης

144 1775 229 1828 quam
244 1753 421 1823 Plutarchus,
435 1753 484 1825 qui
499 1751 621 1807 orationi
637 1750 702 1824 plus
712 1749 853 1822 elegantiae
867 1748 917 1802 tri·
963 1751 1102 1832 ζθεράπευι
1112 1753 1150 1828 τῷ
1160 1749 1194 1808 τὰ
1203 1749 1329 1829 χρήματα
1339 1751 1376 1826 μὴ
1386 1751 1601 1818 tentamenta
1609 1752 1740 1830 δεόμενος.

145 1844 236 1898 baisse
250 1841 373 1896 videtur·
963 1839 1196 1906 modonxvltt,
1208 1839 1266 1894 θοι
1280 1839 1389 1916 Πρῶτον
1400 1835 1447 1914 μὲι
1459 1836 1744 1917 lmpsmampsm

187 1954 199 1978 ι
212 1932 254 1984 De
269 1929 442 2000 Hieronymo
456 1925 492 1980 ab
505 1927 630 1980 Eumene
645 1923 729 1978 misso
745 1922 783 1977 ad
797 1923 918 1994 Antipa—
964 1921 1142 1981 πιντακοοίυν
1160 1922 1296 1980 ταλάντων
1312 1921 1381 1980 κατὰ
1395 1921 1442 1989 τίς
1460 1925 1513 1980 τῶν
1528 1924 1657 2001 βασιλέων
1677 1927 1743 1982 ἐπι.

146 2027 222 2070 trum
232 2015 302 2068 nihil
312 2012 388 2086 apud
401 2011 581 2068 Plutarchum
592 2029 684 2083 neque
694 2011 843 2082 Nepotem.
856 2011 919 2064 Jus-
968 2009 1061 2077 στολλς
1072 2011 1108 2076 είς
1123 2008 1252 2088 ἀνάληψιν
1267 2009 1314 2067 καί
1326 2008 1491 2080 κατασκιυὴν
1502 2013 1549 2069 oia
1566 2009 1648 2090 Κρησε
1660 2011 1742 2092 lig..

145 2105 219 2158 tinus
230 2113 321 2156 autem
332 2101 374 2156 his
384 2101 464 2172 ipsis,
474 2117 536 2170 quae
548 2098 584 2153 de
594 2097 732 2171 legatione
745 2097 808 2164 ista,
818 2097 919 2150 omisso
965 2102 1040 2156 σθαι·
1054 2095 1092 2173 μὴ
1108 2094 1160 2174 γὰρ
1173 2095 1342 2175 προσδεῖσθαι
1354 2095 1513 2167 τηλικαύτης
1530 2099 1645 2176 δωρεᾶς,
1662 2104 1699 2164 ὡς
1711 2098 1746 2158 ἃ»

145 2201 239 2244 tamen
251 2186 415 2258 Hieronymi
430 2185 559 2250 nomine,
571 2183 694 2236 narravit
709 2179 803 2256 (xlv,
815 2180 848 2254 a)
864 2182 919 2236 alio
967 2185 1096 2260 μηὸιμιᾶς
1107 2184 1186 2241 αὐτοῦ
1199 2181 1354 2248 σπεύδοντος
1369 2185 1458 2263 τυχεῖν
1468 2185 1619 2260 mmm
1638 2189 1745 2244 gadem

145 2295 174 2330 se
194 2276 271 2330 sonte
291 2292 371 2328 usum
390 2289 447 2328 esse
467 2268 613 2346 significat.
632 2269 738 2324 Contra
759 2268 921 2323 Plutarchus
965 2291 1034 2328 vero
1044 2272 1080 2328 de
1087 2273 1209 2339 somnio,
1219 2272 1299 2344 quod
1307 2273 1479 2328 simulaverit
1488 2275 1634 2344 Eumenes,
1642 2275 1746 2332 uti-ius·

146 2359 385 2434 quemadmodum
405 2359 471 2431 ipsis
489 2356 561 2411 adeo
576 2355 668 2409 verbis
687 2355 842 2410 consentiat
856 2372 920 2408 cum
967 2377 1022 2431 que
1041 2359 1185 2432 scriptoris
1198 2359 1353 2415 consensio.
1369 2359 1511 2416 Plutarch.
1525 2379 1552 2419 c.
1569 2359 1604 2417 13
1621 2379 1629 2419 t
1644 2358 1747 2436 Ἐπῆγσ

147 2458 261 2503 auctore
281 2445 419 2518 Diodori,
440 2461 545 2498 novum
564 2453 761 2516 argtuncntum
780 2440 922 2496 accedite
966 2441 1177 2519 δεισιδαιμονίαν.
1186 2445 1306 2502 Diodor.
1318 2445 1388 2503 css
1406 2446 1481 2514 ι’[ῗις
1493 2443 1563 2503 κατὰ
1574 2445 1619 2503 τὸν
1635 2446 1747 2524 βασιλέα

147 2553 209 2608 cap.
225 2552 277 2607 ta,
291 2533 341 2588 ubi
355 2532 512 2606 Antigonus
521 2539 586 2603 post
595 2539 716 2584 mortem
725 2528 865 2602 Antipatri
878 2527 922 2582 di·
968 2530 1167 2607 θεισιθοιμονίας
1181 2528 1359 2608 ἐνισχυούσης.
1374 2534 1417 2587 De
1437 2535 1623 2590 conventibus
1640 2553 1658 2590 a
1669 2555 1746 2608 pre·

147 2622 221 2676 citur
237 2622 270 2696 τῇ
291 2617 382 2698 γνώμῃ
395 2617 443 2686 τήν
456 2615 518 2686 ὅλην
535 2613 754 2693 περιβαλλόμενος
769 2611 921 2690 ἡγεμονίαν,
968 2619 1047 2674 fectis
1061 2621 1092 2673 in
1106 2619 1229 2673 tentorio
1244 2617 1399 2674 Alexandri
1415 2619 1518 2674 habitis
1534 2631 1564 2676 et
1580 2621 1748 2677 Plutarchus

117 2694 120 2698 ’
148 2710 171 2762 si
198 2705 324 2763 conferas
351 2707 510 2762 Diodorum
538 2706 651 2774 XVIII,
679 2701 733 2772 50,
760 2704 809 2758 ubi
838 2704 925 2760 rerba
969 2717 998 2762 et
1010 2705 1153 2762 Diodorus
1166 2723 1236 2760 voce
1248 2702 1406 2782 suscipione
1415 2716 1546 2761 utrmtur.

149 2807 212 2852 sunt
221 2813 229 2854 :
238 2791 457 2872 περιβαλλόμενος
467 2791 523 2857 ταῖς
531 2789 619 2848 ἐλπίσι
630 2789 678 2859 τὴν
689 2793 740 2848 τῶν
750 2788 817 2847 ὅλων
830 2793 925 2868 ἡγεμο-
1015 2817 1028 2842 ε
1043 2795 1077 2848 ln
1089 2793 1270 2865 sequentibus
1282 2811 1452 2865 qumquam
1466 2795 1610 2866 comio,-
1621 2795 1744 2850 Diodgd

149 2882 215 2940 νίαν.
235 2885 372 2938 Praeterea
388 2881 424 2937 de
438 2881 584 2948 Eumenis,
603 2889 753 2953 postquam
763 2881 840 2936 Nora
856 2883 925 2937 reli-

150 2973 228 3044 quii,
241 2971 307 3044 luga
316 2970 378 3024 haec
390 2979 455 3024 sunt
465 2967 541 3042 apud
558 2965 719 3023 Diodorum
735 2968 848 3037 XVIII,
864 2965 900 3024 53
915 2988 923 3024 t

150 3053 353 3130 Ἀναλαμύιίνιυν
363 3051 420 3118 τούς
434 3051 621 3132 προγεγονότας
635 3052 723 3131 φίλους
733 3049 803 3109 aare
813 3051 860 3122 τὴν
868 3054 924 3131 yri-

151 3163 198 3222 ραν
212 3139 396 3216 πλανωμένους
409 3143 459 3198 τῶν
472 3137 727 3218 συνεστρατευκότων
741 3139 812 3216 αὐτῷ
831 3139 922 3218 πρίει·

152 3251 196 3308 ρον
209 3229 281 3300 κτλ,
294 3229 371 3302 apud
383 3228 574 3284 Plutarchum.
588 3247 614 3282 c.
633 3245 667 3282 ra
682 3243 690 3284 t
703 3221 757 3283 Kal
770 3229 865 3304 συνῆγε
875 3231 927 3286 τῶν

150 3315 316 3394 στρατιωτῶν
338 3311 393 3370 daos
427 3309 611 3390 διασπαρίντες
629 3309 681 3368 ἀπὸ
692 3314 739 3380 viic
754 3313 926 3389 ρυγῆςέπλα·

149 3405 232 3460 νῶντο
247 3397 315 3459 κατὰ
328 3397 375 3469 τὴν
390 3396 492 3476 χώραν.
511 3399 568 3456 κτλ
587 3401 687 3474 Elapso
706 3401 791 3456 Neris
811 3401 929 3456 Eumeni

150 3491 238 3546 literae
255 3488 411 3544 attemntur
435 3486 608 3561 Olympiadis
622 3498 651 3542 et
668 3487 927 3559 Polysperchontis,

150 3577 290 3649 equibus
317 3593 380 3647 quae
403 3574 553 3630 laudantur
576 3573 653 3648 apud
676 3573 799 3630 Diodor.
817 3574 927 3644 XVIII,

150 3661 199 3734 57.
211 3661 249 3720 58
260 3672 289 3718 et
301 3661 480 3716 Plutarchum
492 3679 517 3716 c.
535 3659 586 3734 13,
603 3671 663 3715 mm
673 3661 747 3716 miro
760 3659 847 3715 modo
857 3661 930 3716 iuter

150 3768 180 3806 se
194 3749 372 3822 conspirant,
388 3758 448 3804 tum
466 3749 578 3804 nonnisi
592 3749 627 3804 ab
641 3765 676 3804 eo
694 3747 768 3803 tradi
781 3758 929 3825 poterant,

150 3839 199 3910 qui
210 3855 305 3892 rerum
316 3837 375 3910 ipse
383 3836 564 3909 peritissimus
574 3844 653 3893 esset.
668 3834 752 3890 Unde
761 3835 793 3888 in
803 3835 846 3890 liis
855 3854 929 3908 quo-

149 3941 205 3997 que
225 3933 370 3980 auctorem
392 3923 556 3996 primarium
579 3922 711 3978 exstitisse
727 3923 931 3995 Hieronymum

150 4011 301 4066 verisimile
314 4021 364 4066 est.
382 4011 551 4083 Comparare
570 4006 651 4080 y'usat
663 4008 804 4068 Plutarch.
823 4027 849 4068 c.
870 4010 928 4066 13:

152 4094 333 4170 Ὀλυμπιάδος
355 4093 402 4170 μὲν
415 4091 619 4172 παρακαλούσης
637 4091 742 4151 ἐλθόντα
761 4093 791 4150 τὸ
810 4093 930 4162 Ἀλεξίν-

150 4184 211 4260 δρου
221 4181 323 4240 παιδίον
332 4179 496 4259 παραλαβεῖν
509 4179 554 4236 καί
567 4177 668 4258 τρίρειν
679 4182 714 4246 ὡς
727 4178 930 4257 ἐπιύουλευόμε-

151 4290 205 4329 νον.
220 4269 342 4326 Diodor.
359 4270 471 4338 xvltt,
488 4267 526 4324 58
544 4263 696 4340 εΔεομένης
707 4266 752 4324 καί
772 4267 931 4344 λιπαρούσης

152 4357 254 4434 βοηθεῖν
267 4357 319 4418 τοῖς
336 4354 471 4430 βασιλεῦσι
490 4351 535 4410 καὶ
559 4355 656 4430 ἑαυτῇ,
674 4351 750 4426 μόνον
762 4351 814 4430 γὰρ
834 4356 930 4414 ἐκεῖνον

970 2881 1094 2936 narratio
1104 2889 1157 2948 est,
1171 2881 1265 2951 utqui
1274 2880 1408 2953 singulari
1418 2881 1547 2952 inprimis
1556 2881 1669 2950 studio,
1684 2901 1748 2955 quae

971 2968 1008 3022 ad
1022 2969 1175 3023 Eumenem
1186 2967 1377 3043 pertinerent,
1394 2968 1534 3037 attulerit,
1555 2969 1634 3024 nulla
1651 2981 1744 3024 tamen

971 3055 1045 3109 inter
1060 3055 1140 3108 illum
1155 3072 1188 3108 ac
1200 3054 1380 3108 Plutarchum
1391 3053 1580 3127 discrepantia
1588 3065 1644 3124 est,
1659 3057 1747 3111 immo

973 3159 1007 3196 cx
1016 3140 1118 3196 eodem
1126 3151 1280 3212 utrumque
1290 3140 1368 3199 sonte
1377 3141 1508 3210 hamisse,
1520 3143 1551 3195 in
1560 3143 1675 3215 singulis
1684 3145 1746 3215 qui·

972 3227 1091 3282 busdam
1108 3246 1171 3299 quae
1191 3228 1339 3284 consensio
1357 3237 1398 3282 est
1410 3227 1513 3283 iterum
1532 3229 1664 3284 declarat.
1682 3231 1747 3299 Quo

972 3316 1117 3388 pertinent
1125 3311 1289 3388 δανείσματα
1300 3315 1361 3383 ista,
1370 3314 1473 3387 quihus
1485 3317 1516 3370 in
1527 3314 1585 3370 fide
1596 3315 1650 3369 sibi
1661 3313 1748 3371 Hace·

974 3400 1184 3456 doncsservasse
1190 3399 1745 3475 diciturEumenesjapAEiodorXIX,aa

974 3497 1002 3541 et
1010 3487 1153 3544 Plutarch.
1166 3506 1192 3542 c.
1209 3486 1243 3542 13
1252 3498 1375 3561 extr.‚et
1385 3489 1472 3543 verba
1482 3487 1559 3560 apud
1565 3488 1687 3546 Diodor.
1699 3490 1745 3547 tr

976 3570 1050 3637 αύτὸς
1059 3569 1087 3630 δέ
1104 3569 1198 3651 φορείῳ
1211 3571 1377 3648 κομιζόμενος
1386 3585 1417 3630 et
1425 3575 1502 3648 apud
1512 3575 1654 3633 Plutarch.
1666 3595 1694 3633 c.
1712 3583 1745 3642 ιθ

975 3658 1002 3714 ἐν
1022 3659 1117 3737 φορείῳ
1136 3657 1313 3735 κομιζόμενος,
1333 3663 1442 3717 tametsi
1459 3681 1476 3717 a
1492 3661 1623 3718 Diodoro
1643 3661 1746 3739 (xlx,

977 3743 1024 3804 25.
1036 3747 1093 3820 26)
1105 3765 1164 3802 non
1180 3749 1241 3802 solo
1255 3747 1358 3803 lecticae
1375 3748 1510 3822 adspectu
1525 3749 1700 3821 Antigonus,
1717 3759 1749 3805 ut

976 3836 1129 3889 exercitum
1147 3833 1310 3903 reduceret,
1329 3848 1487 3892 commotus
1506 3853 1563 3890 esse
1589 3834 1689 3893 fertur.
1708 3866 1748 3881 -

976 3921 1110 3977 Similiter
1134 3921 1188 3976 sihi
1211 3920 1383 3994 respondent
1405 3923 1464 3978 haec
1488 3921 1565 3995 apud
1589 3921 1748 3979 Diodorum

975 4009 1065 4076 XIX,
1079 4007 1115 4078 37
1132 4009 1264 4078 εΘιυριῒνν
1276 4007 1465 4083 (Antigonus)
1474 4003 1522 4077 τὴν
1535 4008 1628 4064 ἑαυτοῦ
1641 4005 1750 4082 δύναμιν

977 4091 1160 4172 ἀσθενεστέραν
1174 4084 1254 4151 οὖσαν
1263 4098 1310 4164 ιη”ς
1321 4097 1372 4152 τῶν
1382 4092 1525 4169 πολεμίων,
1540 4091 1664 4150 {modes
1675 4094 1749 4151 α’νιλ-

976 4180 1073 4246 πίστως
1083 4183 1169 4247 αὐτοῖς
1177 4181 1309 4239 ίπιθέοθαι
1318 4181 1363 4240 καὶ
1371 4182 1630 4259 καταστρατηγῆσαι,
1637 4193 1666 4237 et
1673 4181 1749 4255 apud

976 4273 1114 4343 Nepotem
1129 4289 1155 4328 c.
1167 4270 1186 4322 6
1199 4289 1207 4324 :
1225 4269 1349 4325 Hiberna
1361 4279 1535 4343 sumpserant
1543 4287 1598 4322 non
1611 4270 1653 4323 ad
1670 4287 1748 4323 asam

977 4358 1053 4424 beta,
1073 4357 1124 4411 sect
1134 4357 1175 4410 ad
1191 4361 1309 4430 ι’μευιτιπι
1327 4359 1468 4411 luxuriam
1486 4357 1620 4428 longeque
1635 4361 1709 4410 inter
1720 4375 1751 4411 se

155 4439 310 4498 πιστότατον
333 4441 518 4515 ἀπολελεῖφθαι
539 4441 590 4496 τῶν
614 4439 695 4519 φίλων
722 4439 767 4497 καί
792 4439 931 4517 δυνάμενον
976 4445 1167 4500 discesserant.
1181 4444 1241 4497 Hoc
1254 4446 1408 4514 Antigonus
1418 4461 1501 4514 qaam
1515 4447 1692 4514 comperisset
1708 4449 1750 4497 in-

152 4525 343 4604 διορθιίισασθαι
356 4523 403 4596 τὴν
417 4525 527 4604 ἐρημίαν
537 4529 584 4595 τῆς
599 4526 736 4603 βασιλικῆς
745 4525 838 4592 οἰκίας·
860 4539 931 4586 etex
977 4533 1206 4603 telligeretque,se
1213 4548 1312 4602 parem
1322 4548 1376 4584 non
1385 4548 1444 4584 esse
1452 4535 1562 4601 paratis
1574 4531 1749 4596 advenarir's,

153 4616 271 4689 epistola
283 4615 527 4687 Polysperchontis
538 4633 570 4669 ac
583 4612 704 4688 Philippi
715 4616 787 4688 regis
801 4626 859 4670 tum
871 4635 932 4688 quae
976 4623 1074 4692 statuit
1084 4619 1198 4690 aliquid
1205 4617 1256 4671 sibi
1261 4619 1371 4672 consilii
1378 4621 1440 4670 novi
1447 4633 1506 4670 esse
1513 4618 1690 4688 capiettdum.
1698 4621 1752 4674 Ac·

154 4701 280 4757 debello
292 4700 435 4768 dicuntur,
450 4700 486 4754 ab
501 4701 625 4754 Eumene
643 4718 708 4754 cum
719 4702 862 4774 Antigono
876 4721 928 4775 ge·
978 4704 1053 4759 cedit
1063 4704 1144 4777 quod
1154 4704 1298 4760 Diodorus
1311 4723 1378 4759 mox
1395 4704 1483 4760 refert
1495 4706 1685 4778 Antigonum,
1698 4708 1752 4760 iter

155 4787 257 4857 rendo,
267 4798 326 4842 tum
335 4787 372 4842 de
381 4786 491 4859 opibus,
499 4785 535 4840 de
545 4785 646 4857 quibus
655 4797 781 4858 sumptus
790 4788 933 4846 faciendus
976 4809 1057 4846 suum
1070 4793 1239 4865 ingressum,
1254 4787 1463 4867 παρεσκευάσθαι
1482 4786 1537 4866 δίχ’
1547 4791 1652 4863 ἡμερῶν
1663 4789 1752 4867 ἄπυρα

156 4884 238 4944 esset,
249 4875 323 4930 Plut.
343 4893 368 4930 c.
386 4873 419 4928 13
435 4889 443 4930 t
460 4869 513 4930 Kal
528 4873 580 4926 τῶν
597 4871 623 4926 ἐν
643 4867 775 4937 Κουΐνδοις
790 4873 932 4950 χρημάτων
978 4875 1064 4946 σιτία,
1081 4880 1175 4952 Nepos
1191 4881 1302 4934 cibaria
1319 4891 1397 4933 cocta
1417 4879 1521 4931 dierum
1538 4879 1642 4935 decem.
1654 4880 1752 4950 Neque

156 4957 313 5022 πεντακόσια
328 4957 375 5034 μέν
389 4957 606 5017 reinvestisset
620 4958 656 5025 είς
664 4956 711 5030 τὴν
724 4962 774 5016 τῶν
789 4959 858 5017 iiiut
868 4965 932 5018 ἐπα·
978 4965 1137 5037 discrepare
1146 4965 1279 5020 vidcntur
1287 4975 1415 5020 auctores
1425 4966 1454 5018 in
1464 4983 1510 5032 co,
1522 4964 1599 5036 quod
1609 4964 1753 5019 Diodorus

158 5047 289 5126 νύρθιυοιν,
310 5051 344 5113 τίς
366 5047 392 5104 δὲ
408 5047 451 5104 τὸν
466 5045 578 5124 πόλεμον
598 5045 702 5112 ὁπόσοις
723 5046 844 5124 βούλεται
864 5053 930 5127 χρῆ·
980 5052 1081 5126 leX,
1095 5051 1130 5117 tt,
1142 5051 1228 5127 extr.)
1241 5052 1415 5107 intervallum
1425 5093 1433 5126 ,
1444 5069 1500 5125 qno
1510 5051 1644 5125 Antigoni
1655 5061 1683 5106 et
1694 5053 1753 5106 Eu-
