3834 5767
208 385 264 438 tlt
819 375 1008 438 claudent
1029 379 1203 442 subaudis

207 501 405 582 ἀφρονεστάτας.
417 505 560 581 Τοιγαροῦν
568 491 644 560 οὗτοι
652 501 708 578 μίν,
723 503 752 562 ἐκ
760 506 813 562 erin
824 505 883 563 λίαν
891 509 981 582 μαλα-
1025 509 1153 588 εὐστόχως
1163 509 1293 588 εέρηκίναι
1304 511 1397 570 δοκεῖν.
1412 509 1447 571 ‘0
1457 509 1555 589 τρίτος,
1567 511 1650 592 θθιλρ
1662 515 1676 570 θ
1687 512 1794 589 γενναιό

208 594 261 648 κῶν
270 588 319 646 θπθ
331 593 377 660 τῆς
388 589 468 668 τύχης
480 589 712 663 μεταδιδασθεῖσαι
721 591 855 669 ,σκληρῶς
868 589 981 649 leuem
1025 617 1113 670 τατος,
1128 596 1210 676 ίαπιρ
1221 591 1253 669 ἤν
1266 601 1312 670 ςῆς
1325 599 1467 678 ὑαηρναίας
1475 599 1702 678 αραααρννννανὴς,
1710 623 1793 680 'ipw-

207 675 250 734 ἐπί
264 675 362 755 γήρως,
377 679 404 732 αἱ
419 675 446 734 δέ
461 680 511 733 τῶν
526 676 588 754 παρ’
601 682 664 760 ἡμῖγ
683 681 766 734 ταῦτα
782 675 981 753 διαδεξάμεναι,
1025 683 1141 754 amerb<
1158 687 1228 766 αὗνῷ
1246 685 1314 744 χατὰ
1332 686 1460 765 χαραλὴν,
1476 687 1581 764 μνααῖχα
1597 690 1649 744 νῦν
1671 686 1794 766 βνααίναν

208 766 364 821 ἐκπεσοῦσαι
376 767 421 832 τῆς
433 761 562 834 ἐξουσίας,
577 767 692 842 κατῆραν
703 765 739 829 είς
750 763 922 836 Μακεδονίαν,
936 763 982 822 καί
1025 771 1250 850 προσκεφαλαίων,
1261 771 1462 849 ἀποκεκλιμένος
1474 775 1511 838 είς
1524 771 1591 830 αθτδ
1600 773 1669 831 πιίνυ
1681 777 1794 854 ριλικῶς.

206 850 253 916 τὰς
265 851 316 906 τῶν
333 853 384 908 ἐκεῖ
397 848 494 929 ,κυρίας
508 871 536 905 τε
555 849 600 906 καὶ
616 849 749 926 βασιλίδας
762 849 790 908 δν
809 849 904 926 τρόπον
924 853 982 916 ταῖς
1026 856 1081 913 Kal
1102 861 1135 934 τῇ
1156 855 1203 932 μὲν
1218 861 1341 938 αρναααρρ
1359 858 1390 916 τὸ
1409 863 1454 916 ταῦ
1474 859 1608 938 ρννρανίαν
1624 862 1796 938 νρνχννμάνννν

206 933 515 1011 θμιλίαιςδιίθεσαν,οθδέ
526 934 610 1014 λίγιιν
618 933 826 1006 καλὸν,πλήνότι
840 935 983 1012 μαγευόμι·
1025 942 1183 1018 ἐπικοσμῶν,
1196 948 1230 1020 τῇ
1244 944 1315 1025 δεξιᾷ
1330 943 1357 1002 δέ
1370 945 1514 1005 omnimo
1524 945 1615 1023 ψ’ἔγμό
1628 968 1654 1002 τι
1669 948 1796 1017 διακινῶν,

205 1043 248 1079 ναι
255 1022 299 1079 καὶ
305 1019 483 1096 μαγεύουσαι,
501 1021 655 1098 τουροιτολοι
664 1020 710 1078 καί
723 1021 818 1100 τρίοδοί
827 1043 893 1088 τινες
904 1013 982 1080 αίται
1024 1029 1060 1092 ὡς
1073 1029 1174 1106 αίννρῶν
1186 1030 1249 1100 ἡδὺς
1259 1022 1300 1102 ἦν,
1313 1031 1372 1089 ἀλλ’
1385 1033 1432 1090 νῦν
1446 1032 1594 1092 mmm,
1611 1032 1661 1092 Λνό
1671 1056 1717 1108 por
1731 1034 1797 1091 δοκεῖ

205 1106 271 1183 πρὸς
294 1106 415 1177 αἰλήθιιαν
439 1104 568 1182 ἐγίνοντο,
587 1105 693 1184 πλήρεις
711 1107 814 1164 πάντων
833 1109 981 1185 ἐποκαθαρ·
1026 1111 1058 1170 δν
1072 1115 1143 1192 αθτῷ
1157 1117 1258 1192 δαίμων
1270 1140 1309 1182 τις
1325 1117 1465 1196 ἐλευθέριος
1482 1119 1627 1194 νεμεσήσας
1647 1121 1744 1199 ἐρεῑναι
1761 1125 1797 1198 τῷ

208 1193 309 1270 μοίτων.
319 1193 458 1252 Τοσούτων
468 1191 535 1250 ίοικε
545 1192 589 1249 καί
602 1191 749 1262 τοιοιίτωνή
760 1193 881 1251 κολακεία
893 1197 981 1252 κακῶν
1026 1201 1153 1282 μειρακίῳ
1166 1205 1254 1278 μυῖαν,
1269 1207 1315 1262 οὐκ
1326 1203 1410 1276 ἄλλην
1420 1204 1438 1276 ἥ
1448 1205 1543 1278 κείνην,
1560 1199 1591 1277 ἧς
1603 1207 1647 1264 καί
1663 1205 1711 1277 τήν
1724 1207 1796 1276 Ἀθη.

206 1279 277 1338 αέτία
290 1279 408 1356 γενέσθαι
425 1283 479 1344 τοῖς
493 1277 533 1336 διδ
545 1285 590 1337 τοῦ
606 1281 790 1336 κολακεύεσθαι
804 1279 981 1358 προσδεξαμί-
1025 1297 1072 1346 ναν
1091 1296 1169 1370 ρηανν
1186 1287 1308 1367 ὀμηρας
1328 1293 1421 1348 ίννῑναν
1441 1295 1478 1372 τῷ
1497 1292 1670 1368 Μνννλάνρονὸ
1692 1293 1795 1372 edm,

206 1387 257 1431 toti
270 1365 359 1436 αὖῒίί·
375 1389 386 1417 ¹·
1025 1377 1105 1442 οὕτως
1116 1368 1148 1448 ήν
1161 1376 1294 1455 ἐρρωμένη
1308 1377 1353 1435 καί
1367 1377 1462 1458 ἄνοδος
1475 1377 1523 1450 τήν
1537 1381 1635 1459 ψυχήν.
1655 1381 1797 1458 Δηχθέντος

247 1451 385 1529 Προελθὼν
409 1452 436 1509 δέ
458 1449 537 1510 πόλιν
557 1453 572 1509 θ
593 1450 728 1530 Ιίλίαρχος
747 1452 792 1509 καί
810 1450 872 1510 τάδε
895 1452 980 1532 ρηοίν·
1026 1462 1052 1520 δὲ
1064 1467 1108 1520 ταῦ
1122 1463 1256 1542 ρννρανίρν
1267 1466 1417 1536 ,numum
1432 1464 1572 1545 ρνζνραρνν
1587 1466 1720 1545 ἅνθρωπος
1735 1465 1796 1544 ὑπὲρ

207 1567 218 1589 ι
232 1538 302 1598 Ἀλλ’
316 1538 366 1609 ήδη
381 1537 426 1596 καί
447 1540 480 1614 τῇ
501 1535 597 1596 τούτων
610 1537 687 1618 χρείᾳ
708 1538 834 1620 χλιαίνετ’
849 1540 882 1596 ἄν
899 1563 937 1604 τε(
951 1540 982 1597 τί
1025 1549 1136 1621 ἐκείνων
1150 1550 1196 1608 καί
1213 1550 1294 1618 οὕτως
1312 1551 1502 1628 ἠγανάκτησεν,
1514 1551 1582 1610 ὥστε
1602 1551 1645 1609 διὰ
1668 1551 1717 1622 τήν
1736 1552 1796 1632 πρὸς

207 1623 350 1702 μειράκιον,
367 1623 455 1701 ὥσπερ
476 1615 555 1682 εἶπεν.
582 1626 617 1682 Οἱ
636 1623 683 1700 μὲν
703 1623 754 1704 γὰρ
775 1626 865 1691 παῖδες
889 1623 981 1703 μικρὸν
1026 1635 1089 1711 μίαν
1104 1634 1200 1714 ἔχθραν
1214 1637 1319 1704 ἁπάσας
1332 1639 1362 1695 ἐκ
1376 1642 1422 1709 τῆς
1436 1637 1517 1704 αἰκίας
1529 1637 1650 1710 ἤλαυνεν.
1661 1637 1797 1699 'oberant

206 1711 308 1768 ἄπωθεν
330 1714 376 1780 τῆς
399 1710 487 1780 κλίνης
516 1712 542 1768 ἐν
571 1711 731 1788 χιτωνίσκοις
759 1709 888 1770 ἔστασαν·
903 1715 981 1790 τριῶν
1025 1721 1242 1802 ραννρὸςιρξνννρ
1253 1723 1317 1804 πρὸς
1327 1725 1410 1803 νώτῳ
1424 1724 1649 1804 ςννρχὼςραρνόν,
1665 1754 1679 1777 ,

208 1799 231 1854 θ’
249 1797 329 1855 όντων
344 1799 454 1874 ἀνδρῶν,
465 1796 498 1854 δι’
512 1795 555 1862 οθς
568 1795 600 1867 δή
612 1801 656 1854 νῦν
667 1800 681 1854 θ
692 1806 744 1864 πᾶς
758 1797 833 1874 λόγος
846 1796 980 1870 ἐνίστηκε,
1239 1826 1247 1841 ·
1407 1853 1425 1910 6

208 1883 252 1941 καί
266 1883 363 1940 τούτων
377 1883 457 1942 όντων
471 1881 612 1960 ἐπωνύμων
629 1885 692 1962 παρ’
708 1884 781 1960 ἡμῖν,
800 1887 814 1940 θ
831 1882 878 1960 μέν
890 1876 926 1949 είς
939 1885 982 1941 ἐπὶ
1387 1873 1404 1909 ²
1428 1895 1435 1908 ⁶

205 1973 251 2039 τῆς
270 1967 356 2038 κλίνης
376 1969 438 2049 πρὸς
459 1971 545 2028 ποδῶν
559 1972 687 2041 καθῆστο,
701 1969 760 2036 nob<
782 1974 826 2027 τοῦ
847 1969 982 2050 μειρακίω
1065 1967 1215 2022 Athenaeus
1222 1970 1308 2040 vl,p.
1318 1966 1416 2037 noua
1428 1987 1435 2026 :
1449 1965 1499 2037 Είη
1512 1958 1796 2044 advertebamus,-

205 2053 287 2120 πόδας
296 2056 339 2112 ἐπί
348 2063 401 2121 τοῖς
411 2057 490 2114 αὑτοῦ
499 2055 589 2132 γόνασι
598 2057 686 2135 λεπτῷ
692 2055 776 2136 ληδίιρ
787 2057 981 2136 συνημφιακώς.
1026 2050 1105 2127 μόνον
1112 2051 1246 2130 μειρακίου
1253 2050 1333 2119 κόλαί
1342 2051 1540 2128 μαλακοκόλαξ,
1547 2053 1686 2133 ὥςρησινθ
1697 2055 1797 2134 Κλέαρ·

195 2139 243 2200 ⁴0
263 2140 290 2199 δέ
310 2141 406 2218 ἐποίει,
426 2142 508 2213 δήπου
532 2142 577 2201 καί
600 2141 637 2219 μή
662 2141 778 2222 λίγοντος
804 2146 851 2202 οθκ
876 2144 981 2214 ἄδηλον.
1025 2158 1081 2215 χοε·
1096 2139 1166 2214 Πρίε
1183 2137 1286 2218 γέρτῷ
1305 2139 1413 2218 τοιούτῳ
1425 2139 1574 2198 κολακεύειν
1596 2140 1642 2198 καί
1662 2140 1694 2198 τὸ
1707 2145 1796 2220 σχῆμα
1837 2131 1842 2140 ’

206 2229 334 2287 Καλεῐται
347 2229 370 2286 δ’
384 2221 580 2294 οὗτοςθπδτῶν
596 2229 728 2308 ἐγχωρίων
741 2229 982 2307 Παραίδυστος,διδ
1026 2228 1078 2281 τῶν
1092 2224 1304 2301 κολακενομίνων
1322 2229 1511 2286 ἐπακολουθοῦν
1524 2227 1797 2298 ἐποπλόττεταιμια·
1900 2260 1901 2275 ι

206 2313 235 2371 τὸ
248 2313 293 2372 καί
307 2313 409 2391 τῶνμὴ
423 2314 642 2395 παραδεχομένων
656 2313 726 2391 δμως
739 2315 915 2395 τεχνικώτατα
933 2339 981 2376 κο·
1027 2311 1190 2390 ραῬῑωείίων
1203 2311 1249 2370 καί
1261 2317 1419 2392 σπαργανῶν
1431 2313 1523 2372 ἐαυτὸν
1539 2322 1592 2380 τοῖς
1606 2313 1797 2394 τρῐὸωναρίῠῑε·

206 2399 323 2457 λακεόων
342 2399 536 2479 παρεμπίπτειν
554 2403 579 2468 ἐς
597 2401 643 2467 τδς
662 2401 773 2477 ὁμιλίας.
788 2398 892 2482 Ἄτερος
904 2405 928 2464 δ’
950 2395 982 2475 ήν
1026 2397 1083 2456 ὅθεν
1093 2399 1170 2458 αὐτόν
1182 2403 1205 2458 οἱ
1216 2399 1263 2476 μέν
1275 2401 1502 2482 παραγκωνιστήν,
1511 2404 1535 2461 οἱ
1543 2400 1571 2459 δέ
1581 2402 1797 2480 σχηματοθήκην,

207 2483 251 2542 ἐπί
262 2507 329 2551 τινος
345 2485 433 2565 δίρρου
450 2484 568 2561 κειμίνου
583 2487 645 2568 παρ’
658 2485 738 2558 αὐτὴν
758 2487 807 2558 τήν
827 2489 926 2562 κλίνην,
936 2490 983 2548 καί
1025 2485 1146 2543 καλοῦσι.
1169 2486 1238 2546 Κατ’
1251 2487 1374 2558 ἀλήθειαν
1389 2487 1440 2567 γὰρ
1454 2491 1468 2545 ό
1481 2487 1562 2556 κόλαξ
1581 2488 1663 2546 ἔοικεν
1679 2478 1797 2567 εἶναιτῷ

207 2575 252 2628 τοῦ
274 2571 408 2631 νεανίσκου
427 2571 476 2642 τήν
497 2580 574 2651 χεῖρα
596 2574 750 2654 παρεικότος
772 2575 981 2654 ἐκκρεμάμενος,
1027 2573 1132 2649 Πρωτεῖ
1149 2577 1163 2630 θ
1181 2572 1265 2640 αὐτός.
1283 2574 1404 2651 Γίγνεται
1418 2579 1479 2648 γοῦν
1494 2574 1659 2640 παντοδσπῦς
1675 2578 1705 2634 ol
1723 2575 1797 2650 μόνον

204 2653 288 2734 ταύτῃ
312 2657 357 2714 καί
374 2657 584 2736 προσπεπτωκὼς
601 2657 733 2740 κατέψηχέ
747 2681 775 2717 τε
795 2661 908 2719 καὶτῶν
932 2664 978 2720 δα·
1025 2658 1094 2716 κατὰ
1108 2658 1155 2728 τὴν
1173 2659 1283 2740 pappele,
1299 2660 1369 2719 ἀλλὰ
1384 2660 1429 2719 καί
1447 2661 1517 2719 κατὰ
1530 2660 1588 2726 τοθς
1604 2661 1709 2738 λόγους·
1732 2661 1796 2719 edre

204 2740 304 2800 κτθλων
325 2743 432 2802 ίκαστον
451 2745 477 2802 ἐν
495 2743 568 2824 μίρει
587 2744 786 2820 διαλαμδάνων,
801 2737 871 2804 είλνὲ
888 2771 917 2806 τε
937 2749 982 2806 καί
1025 2745 1210 2824 ποικιλόρωνός
1222 2769 1260 2814 τις
1273 2747 1350 2805 ἐστίν.

205 2825 418 2893 ἐξέτεινεν·ὥοτε
427 2829 470 2887 τὸν
481 2835 583 2908 πρῶτον
593 2831 670 2890 αὐτὸν
681 2832 982 2908 ἐποιομαίσανταΣικόαν
1148 2861 1155 2874 ·

203 2993 229 3040 et
245 2993 400 3042 ascenderent
419 2995 445 3044 et
459 2994 637 3046 descenderent.
652 3000 687 3046 lio
702 2998 818 3058 luxoria,
834 3011 865 3048 ne
878 2999 979 3049 miserita
1024 3000 1133 3051 videatur
1144 3003 1217 3065 isqui
1230 3003 1322 3066 primus
1338 3003 1433 3066 sicyona
1450 3004 1482 3066 (l.
1496 3017 1519 3053 e.
1532 3005 1723 3068 cucurbitulam)
1736 3007 1797 3056 buuu

204 3069 297 3130 dioem,
310 3083 353 3119 sua
362 3075 413 3120 arte
421 3071 573 3122 stultissimas
581 3075 635 3122 illas
645 3073 777 3124 adduxere.
788 3079 871 3138 ltaque
886 3077 938 3140 bre,
949 3091 978 3127 er
1024 3078 1159 3140 appellarit.
1170 3079 1342 3138 Tertiusvero,
1353 3080 1527 3141 nobilissimus,
1540 3082 1604 3131 Ther
1617 3084 1796 3144 eogaeominatus

207 3145 345 3196 mollissime
354 3149 404 3197 vita
413 3161 456 3210 per
466 3151 586 3199 fortunam
598 3151 710 3214 dejecta,
723 3153 809 3203 duram
823 3154 847 3202 lu
859 3159 981 3206 senectute
1024 3155 1050 3216 (i
1060 3156 1149 3217 elem,
1158 3154 1278 3218 alreleo),
1287 3157 1329 3218 qui
1337 3157 1413 3205 totius
1423 3157 1546 3206 ιοίοἰιίετίί
1552 3159 1721 3219 antesignanus
1731 3162 1795 3219 erat,

205 3227 280 3276 ultam
290 3228 405 3277 vixerunt
415 3247 421 3279 ι
432 3229 480 3278 illue
490 3243 562 3292 vero,
574 3231 670 3292 quuab
681 3231 813 3282 bisuustris
828 3233 872 3282 ista
883 3247 981 3296 accepe-
1023 3235 1054 3283 ad
1072 3237 1145 3296 caput
1161 3234 1213 3296 eim
1231 3238 1311 3285 astaus
1336 3235 1487 3298 byrsluoruru
1511 3236 1665 3285 caricalium
1689 3236 1795 3298 ejusden

205 3306 273 3364 rant,
286 3308 413 3367 postquam
425 3309 543 3368 potestate
559 3307 712 3369 exciderunt,
721 3309 745 3358 lu
762 3309 925 3360 llaredonlam
940 3312 980 3362 de·
1024 3311 1142 3372 particeps
1154 3313 1219 3371 mat,
1238 3312 1385 3361 familiariter
1394 3311 1524 3361 αοωοδιιιιι
1539 3313 1564 3360 in
1573 3312 1602 3361 irs
1613 3313 1750 3362 radicatus,
1767 3315 1796 3362 lit

205 3380 261 3428 luta
269 3381 389 3442 suut,ubi
403 3395 482 3430 rmum
497 3383 605 3434 dominas
620 3385 758 3448 reginasque
773 3387 857 3449 quales
871 3401 980 3438 suecon-
1023 3387 1084 3436 lara
1101 3387 1198 3448 quidem
1216 3400 1288 3437 manu
1306 3389 1486 3438 molliusenlum
1502 3388 1796 3450 adolescentulicapillum

204 3455 331 3506 suetudine
357 3457 515 3519 reddiderint,
536 3473 567 3509 ue
583 3462 663 3523 eloqui
678 3461 775 3523 quidem
796 3462 922 3513 honestum
934 3467 979 3515 est.
1023 3463 1169 3526 edomabat,
1179 3465 1325 3514 destrarero
1335 3465 1479 3514 Phoenicum
1486 3465 1607 3514 θεθεΙΙοιπ
1615 3465 1680 3514 ultm
1688 3466 1796 3528 οίιτοηοε

205 3533 285 3583 verbo
296 3534 390 3595 dimm,
405 3537 509 3599 magicas
518 3539 581 3588 artes
592 3541 617 3588 el
626 3541 650 3588 in
661 3553 687 3590 se
697 3541 754 3589 etin
767 3541 820 3591 aliis
829 3547 979 3606 exercentes,
1023 3554 1135 3601 movens,
1155 3542 1229 3591 veluti
1244 3543 1355 3592 oscillans
1369 3543 1426 3604 (vel
1444 3544 1521 3593 veluti
1537 3544 1662 3605 caedium)
1675 3545 1796 3604 jucundus

204 3611 335 3674 tauropolre
346 3625 374 3661 ac
382 3625 438 3662 rere
446 3612 546 3662 dixerim
557 3615 636 3664 tririre
648 3617 759 3678 quaedam
767 3617 837 3668 iactae
848 3622 905 3668 sunt
915 3621 980 3669 omni
1023 3622 1075 3667 erat
1081 3634 1089 3679 ς
1098 3618 1139 3668 sad
1151 3619 1185 3668 ita
1196 3619 1311 3668 leuiterld
1322 3619 1437 3681 ἐεοίοίνοε,
1445 3624 1474 3669 ut
1482 3633 1530 3670 non
1538 3620 1625 3670 idcireo
1632 3633 1723 3669 muscae
1732 3635 1795 3683 pror·

204 3701 288 3751 geuene
297 3691 503 3740 immunditiarum
516 3693 599 3755 plene.
613 3695 709 3744 'lelium
726 3697 895 3759 tantorumque
907 3699 980 3748 malo·
1023 3709 1064 3745 sus
1074 3701 1221 3747 arcerentur,
1230 3702 1311 3756 Quare
1327 3698 1402 3748 iratus
1418 3700 1534 3760 deliquia
1544 3697 1603 3748 dena
1616 3699 1795 3760 ingenuusmu·

205 3779 258 3814 rum
270 3779 344 3816 causa
354 3767 462 3817 adulatio
471 3768 508 3818 lrls
519 3773 567 3832 est,
577 3771 619 3834 qui
626 3771 678 3833 eius
687 3773 804 3822 lenocinio
813 3773 913 3824 demulsi
926 3788 979 3825 earu
1023 3786 1088 3823 scam
1106 3774 1284 3824 adolescentulo
1294 3774 1407 3836 immisit,
1419 3789 1468 3824 nou
1482 3775 1552 3824 eliam
1563 3777 1637 3838 atque
1650 3776 1716 3824 illam
1727 3777 1796 3836 cujus

204 3846 342 3895 admittunt.
362 3866 374 3890 ι
1024 3851 1427 3905 audacinmablinerraimuniesrm
1436 3853 1733 3900 llenelaoessellomerus
1740 3854 1793 3901 ait:

236 3927 263 3972 ln
274 3937 397 3987 progressu
408 3939 466 3976 vero
476 3929 591 3977 sermonis
604 3942 687 3979 rursus
696 3929 747 3979 llaec
759 3929 817 3980 dicit
829 3931 956 3982 clearchus
967 3951 974 3982 ε
1024 3930 1056 3978 ita
1066 3929 1144 3978 valida
1152 3931 1204 3980 erat
1217 3931 1242 3978 et
1254 3930 1335 3980 animo
1344 3929 1461 3980 interrito.
1471 3936 1552 3988 Quum
1560 3930 1632 3990 igetur
1647 3929 1794 3981 morderetur

206 4017 219 4042 ν
231 4003 286 4050 lam
297 4012 355 4050 nero
364 4002 396 4050 ob
405 4003 505 4052 istarum
523 4017 604 4052 rerum
617 4017 686 4054 usum
702 4008 788 4056 merito
803 4007 888 4068 aliquis
901 4021 978 4070 repre·
1022 4005 1174 4064 adolescens,
1185 4007 1237 4054 um
1251 4006 1387 4055 immaniter
1395 4006 1539 4055 exuberavit
1553 4007 1593 4054 bic
1603 4007 1675 4054 boum
1690 4019 1736 4068 pro
1746 4006 1794 4063 illo,

205 4076 314 4126 henderit
321 4079 404 4138 illum,
414 4091 485 4140 quem
497 4079 556 4142 dini,
566 4080 778 4131 adolescentulum.
794 4084 864 4132 Pueri
876 4085 939 4133 edun
947 4099 979 4134 ex
1023 4083 1096 4143 atque
1107 4083 1141 4131 ita
1160 4083 1234 4132 iratus
1251 4086 1301 4144 est,
1319 4083 1348 4131 ut
1368 4081 1438 4131 ouius
1455 4083 1519 4131 illius
1536 4095 1628 4130 muscae
1645 4082 1702 4131 odio
1714 4095 1795 4130 onmes

207 4155 302 4203 modico
313 4155 437 4204 intervallo
447 4157 477 4205 ab
488 4156 576 4206 lectulo
584 4158 679 4208 stabunt
688 4161 774 4209 tunicis
784 4161 870 4210 vestiti.
897 4167 979 4220 Quum
1022 4157 1261 4221 adibusexpelleret.
1272 4158 1623 4221 bxqooetlaurapparuit,ad
1634 4158 1794 4207 bocmiulste

206 4243 264 4278 vero
275 4234 324 4281 tres
336 4233 384 4281 siut
397 4233 456 4293 viri,
472 4246 576 4294 quorum
588 4247 658 4283 eausa
670 4248 733 4283 nune
751 4237 860 4286 instituta
878 4241 914 4287 est
928 4241 980 4288 totu
1023 4235 1085 4284 τίυιιι
1099 4235 1167 4284 illum
1182 4247 1209 4285 se
1220 4235 1375 4284 constituisse
1391 4255 1403 4278 ν

206 4304 524 4369 bmcdisputatio‚quorum
541 4312 613 4358 etlam
624 4310 713 4373 cuique
721 4312 783 4373 apud
798 4327 841 4362 nos
856 4316 979 4376 proprium
1384 4311 1426 4361 ²6·

206 4396 256 4433 are
268 4384 317 4446 ipse
326 4398 459 4447 cognomen
469 4389 505 4435 est
520 4407 526 4437 ι
539 4401 623 4436 eorum
633 4402 696 4437 unus
707 4389 795 4438 lectulo
807 4402 821 4438 a
833 4391 979 4452 pedibusue
1056 4402 1068 4426 ο
1080 4384 1161 4433 Ρΰθῐίῑ
1176 4383 1247 4446 Ῑέίίῦῑ
1257 4384 1364 4448 predicti
1376 4385 1546 4435 ⁸⁶⁰¹M¹¹¹¹¹¹¹
1559 4383 1669 4433 ⁸⁶⁰¹⁸¹⁰f
1680 4383 1794 4432 Μίίω·

205 4459 311 4521 sidebut,
333 4461 374 4521 qui
394 4461 466 4522 pedes
486 4462 655 4513 adolescentuli
674 4465 723 4513 suis
740 4467 838 4526 genibus
858 4467 980 4529 impositos
1022 4463 1113 4522 colae,
1127 4465 1156 4512 ut
1167 4466 1201 4513 alt
1212 4460 1355 4526 clearchus,
1373 4464 1398 4514 id
1413 4467 1450 4514 est
1460 4465 1578 4514 mollitiei
1589 4463 1721 4512 οάεείοέον.
1734 4465 1794 4511 liam

204 4537 271 4586 teum
283 4539 348 4586 reste
366 4540 520 4600 contegebat,
537 4541 578 4602 qui
593 4542 650 4603 quid
662 4555 733 4606 porro
745 4544 840 4605 lecerit,
857 4545 928 4594 etiam
940 4561 980 4596 me
1023 4544 1182 4603 ultricium
1192 4541 1258 4604 quod
1267 4542 1308 4590 ίείῑ
1323 4541 1412 4590 homini
1426 4540 1546 4600 adulatur,
1561 4540 1669 4589 hssbiftlm
1685 4542 1737 4600 θίῑ18
1746 4539 1794 4586 ίθῐ·

203 4625 254 4662 uou
263 4613 356 4663 dicento
365 4614 429 4664 haud
441 4617 572 4666 obscurum
583 4621 628 4666 est.
639 4620 744 4668 Vocatur
754 4623 835 4669 autem
851 4622 890 4670 hie
900 4621 931 4671 ab
940 4623 978 4672 in-
1022 4619 1327 4681 mamquecossssentlfflltm
1336 4616 1660 4679 'lissiltfibfflduiflillfflssdll
1671 4635 1677 4663 ³
1689 4617 1714 4664 ‘i
1722 4613 1794 4662 Μ)

205 4689 296 4751 digeuls
307 4691 451 4752 Parabystus
469 4693 499 4754 (i.
513 4705 536 4742 e.
555 4693 688 4757 intrusus),
701 4695 758 4757 quia
776 4697 800 4744 iu
812 4709 896 4746 eorum
906 4699 979 4750 etiam
1022 4695 1104 4744 cubito
1115 4696 1226 4757 propellit
1234 4695 1294 4744 alios
1302 4695 1469 4755 dimovetque,
1479 4693 1551 4742 modo
1562 4693 1699 4741 iurolritse
1711 4689 1795 4752 pacui-

205 4765 416 4829 eousuetudiuem,
432 4770 474 4830 qul
490 4781 537 4817 uon
547 4773 630 4831 urente
642 4784 696 4820 eum
709 4771 840 4834 recipiunt,
852 4773 980 4825 artificiosa
1023 4773 1091 4822 culis.
1102 4773 1257 4831 Quareetiam
1264 4772 1303 4821 alil
1313 4785 1369 4821 eum
1376 4756 1793 4832 puroncouisteuappellauLidest,

205 4855 249 4892 sua
266 4841 403 4892 adulatione
418 4855 471 4892 sese
481 4843 573 4906 ingerit.
586 4847 651 4898 Alter
663 4849 687 4896 iu
697 4847 755 4897 selle
767 4849 871 4910 quodum
882 4853 980 4908 sedebat
1022 4850 1106 4916 cubito
1120 4851 1294 4914 depulsorem,
1305 4849 1345 4898 alil
1356 4847 1598 4906 semmototltecum,
1616 4847 1641 4894 id
1653 4850 1689 4896 est
1706 4849 1794 4894 ourio-

204 4921 274 4979 Juxta
283 4919 360 4981 ipsum
373 4919 489 4969 lectulum
503 4923 629 4984 posite,el
643 4923 978 4991 abarlolescentetotospeu·
1023 4939 1083 4976 rum
1098 4928 1248 4988 sorruurum
1266 4928 1485 4989 promptrmrlum.
1502 4929 1564 4974 vere
1580 4926 1643 4973 euuu
1663 4926 1794 4972 aemulator

205 4996 278 5058 deus,
287 5009 362 5059 quum
376 5009 474 5047 manum
486 4998 526 5047 ille
543 4999 654 5061 languide
665 5001 813 5064 demitteret,
825 5006 910 5067 cupide
926 5021 978 5056 eam
1014 5005 1085 5053 idem
1103 5007 1175 5066 alque
1195 5008 1303 5056 Protrm
1320 5019 1372 5056 ease
1384 5003 1488 5053 videtur.
1502 5003 1542 5053 Fit
1552 5003 1615 5050 enim
1633 4999 1760 5060 multiplex
1769 4999 1795 5044 el

205 5073 353 5134 prehendens
363 5072 526 5136 demulcebat,
541 5079 565 5125 et
583 5075 668 5139 digitos
683 5079 786 5140 singulos
802 5081 904 5130 vicissim
923 5097 977 5144 pre·
1023 5083 1175 5142 omnifarius,
1197 5095 1245 5130 non
1265 5083 1337 5132 modo
1355 5082 1421 5146 quod
1437 5082 1467 5130 ad
1484 5083 1586 5132 immam
1599 5079 1698 5137 attinet,
1714 5076 1755 5124 “d
1769 5077 1795 5124 (ί

206 5152 291 5202 bancos
301 5151 408 5201 lralrebal
417 5154 441 5203 et
451 5153 607 5218 extendebat,
622 5159 649 5206 ul
659 5159 713 5220 apio
726 5160 878 5223 oppositaque
890 5161 977 5213 dixisse
1022 5161 1086 5224 qrrod
1097 5161 1127 5210 ad
1136 5175 1272 5212 serumncm
1284 5181 1291 5210 :
1303 5163 1336 5212 ita
1346 5162 1437 5210 radere
1447 5173 1531 5211 rocem
1542 5159 1616 5209 norit
1627 5177 1638 5200 a
