3834 5767
841 361 1086 422 r‘tttuttaatt.
1700 383 1754 432 tat

166 474 235 536 ilum
248 481 325 538 haud
337 484 438 537 elicies.
451 485 538 538 Recte
553 485 588 556 igi
594 496 637 538 tur
651 497 816 559 corruptum
827 505 882 542 esse
897 487 942 541 lo·
986 489 1104 556 sthenis;
1120 491 1142 544 is
1154 508 1222 545 vero
1238 493 1451 564 componendus
1468 512 1532 548 curn
1549 497 1650 552 Thauri
1663 499 1758 552 blane-

166 577 358 624 conscenserat
376 569 695 626 ll'ellauerusadscbol.
711 574 804 645 Apoll.
825 575 942 628 etbuu-
987 574 1132 641 thuriano,
1156 575 1287 648 dynastiae
1308 580 1380 634 xlx
1398 598 1463 653 rege
1484 581 1603 650 ultimo,
1625 584 1677 638 sub
1699 601 1757 655 qno

165 657 258 710 senius
272 657 290 710 l.
305 657 325 714 l.
339 657 701 714 ll'ellauerusscribendum
714 662 849 732 proponit
860 677 867 716 :
878 657 943 735 φησὶ
990 661 1071 730 Troja
1080 676 1243 735 expugnata
1255 682 1312 718 esse
1323 664 1423 720 fertur.
1441 667 1519 721 Patet
1539 669 1624 740 igitur
1639 687 1690 722 cur
1702 671 1757 725 Nili

165 738 193 796 δέ
216 739 375 818 Δικαίαρχος
389 739 535 819 ε’νδευτέριρ
548 743 704 813 Ἑλληνικοῦ
722 744 778 822 βίον
794 745 838 802 καὶ
857 751 946 818 τοῦτοι
985 749 1157 802 mentionem
1170 751 1346 806 Dicaearchus
1365 753 1471 806 lecerit.
1491 755 1588 808 AEram
1609 756 1758 828 'frojanam

166 831 203 882 At
215 830 287 883 male
297 830 336 884 sie
352 831 442 883 oratio
454 830 594 902 procedit.
609 833 761 888 Bunsenius
777 834 893 888 scribit:
910 835 941 890 Δ.
984 835 1170 905 probabiliter
1178 835 1361 908 adoptaverat
1369 841 1558 911 antiquiorem
1569 842 1656 910 illam,
1663 861 1757 914 exqua

167 915 193 970 ίν
204 913 314 993 δευτέρῳ
335 912 462 980 Ἑλλάδος
476 913 521 971 καὶ
531 917 666 974 πολιτικοῦ
682 917 738 994 βίου
752 920 865 994 Σεσογχ.
881 920 939 975 κτλ.
985 911 1085 966 '11⁰icil
1098 915 1268 986 assignantur
1282 918 1360 970 ³¹¹¹¹l⁵
1379 919 1566 984 ¹217‘1208
1580 937 1607 975 a·
1619 921 1650 978 C·
1660 922 1757 991 ltaque

166 1001 235 1074 Quae
250 1003 363 1078 egregia
374 1015 414 1056 est
427 1003 596 1058 emendatio.
612 1007 674 1058 lam
687 1008 760 1060 enim
774 1023 866 1060 sensus
875 1007 941 1060 brn-
985 1015 1073 1068 ΨΜ
1085 1000 1140 1054 Nili
1152 1001 1261 1054 initium
1268 1014 1444 1074 ΡΟΜΜΜΠ·
1462 1021 1534 1058 1²¹2
1550 1005 1716 1076 (i36·l·77⁶
1728 1007 1755 1079 l,

167 1088 245 1142 dimr
270 1092 402 1162 optilnus.
420 1091 494 1144 Dicit
509 1091 675 1146 scholiasta:
707 1089 863 1146 «Sesostris
883 1111 942 1148 non
984 1081 1077 1155 TrOjae
1087 1086 1226 1140 excidium
1240 1088 1352 1143 caderet
1361 1090 1390 1141 in
1403 1107 1507 1142 annum
1517 1094 1645 1162 quintum
1662 1093 1757 1147 Thuo·

166 1175 255 1230 modo
269 1176 346 1230 bello
375 1177 519 1245 inclaruit,
541 1177 589 1232 sed
604 1179 691 1232 civilis
702 1180 785 1232 etiam
797 1181 875 1248 vitae,
890 1181 940 1234 Di·
984 1171 1022 1224 ris
1035 1172 1092 1224 Sive
1104 1172 1171 1240 Nili,
1187 1191 1271 1244 ‘luem
1282 1175 1438 1229 Mfflsslffln
1458 1179 1537 1232 ³11¹!ss
1548 1195 1577 1247 7,
1595 1179 1756 1234 Εῑδῑῡῦῑλὶθ·

165 1262 293 1316 raearcho
303 1271 381 1330 teste,
392 1281 487 1316 curam
498 1263 622 1336 gerebat.
638 1265 736 1318 »Dein
749 1266 806 1336 ipsa
818 1265 941 1318 instituta
985 1274 1034 1312 ¹¹0⁸
1054 1260 1133 1312 annis
1162 1277 1197 1330 19
1217 1277 1344 1332 regnasse
1368 1261 1491 1317 tradunt.
1517 1265 1561 1318 Ab
1590 1266 1756 1338 Olympiade

164 1348 238 1420 regis
247 1348 337 1403 civilia
348 1360 657 1403 commemorantur.-
673 1349 940 1404 Ceterumoliende·
984 1346 1074 1416 prima
1099 1345 1135 1400 ad
1158 1346 1345 1401 Sesonchosin
1365 1349 1493 1404 scholion
1519 1362 1646 1408 omnemt
1668 1370 1757 1406 annos

165 1433 203 1486 rit
216 1431 293 1488 istud
310 1428 439 1496 Ἑλλάδος
449 1453 503 1506 pro
520 1430 577 1510 βίου
589 1430 732 1502 Ἑλλάδος,
752 1437 801 1490 etsi
815 1436 887 1490 tituli
903 1435 939 1488 li·
986 1430 1061 1503 2936
1074 1429 1267 1504 (choo-436
1279 1429 1297 1507 J.
1312 1435 1366 1504 Qui
1380 1453 1467 1506 quum
1478 1437 1554 1492 haud
1565 1437 1650 1512 longe
1666 1438 1756 1492 absim

165 1517 285 1574 brorum
307 1521 408 1592 passim
431 1529 609 1586 truncantur;
632 1538 730 1574 verum
751 1539 838 1592 quum
859 1519 940 1574 simul
984 1517 1019 1570 ab
1031 1519 1109 1570 armis
1124 1535 1217 1589 2922,
1233 1518 1335 1590 quibus
1348 1519 1410 1574 duae
1430 1523 1541 1597 periodi
1560 1524 1696 1579 Sothiaeae
1707 1541 1755 1578 ex-

165 1605 250 1659 etiam
269 1606 342 1661 illud
363 1607 389 1662 ἐν
403 1601 512 1682 δευτέρῳ
529 1607 564 1659 sit
584 1605 748 1673 ollensioni,
765 1608 876 1678 utrique
898 1606 939 1658 iu·
984 1603 1108 1674 plentur,
1132 1605 1241 1675 opinari
1255 1605 1354 1676 aliquis
1375 1610 1479 1679 possit,
1498 1628 1587 1665 annos
1609 1608 1685 1666 2500
1705 1628 1756 1664 ro-

164 1692 320 1746 commodo
332 1693 447 1747 medear
461 1691 609 1746 scribendo
625 1692 649 1748 έν
666 1689 714 1770 βίῳ
727 1689 863 1754 Ἑλλάδος.
877 1689 941 1746 ltu·
984 1689 1073 1742 tundo
1080 1692 1198 1744 ahmero
1209 1691 1277 1764 poni
1291 1711 1344 1764 pro
1357 1693 1443 1758 2486.

164 1781 233 1832 tatio
248 1781 365 1833 minime
378 1780 502 1833 violenta
513 1789 567 1846 est,
581 1797 668 1850 quum
678 1776 726 1854 βίιξι
745 1780 774 1832 in
788 1779 866 1832 libris
879 1797 939 1833 ma·
1355 1825 1372 1878 8

163 1867 314 1938 nuscriptis
323 1867 451 1920 facillime
466 1883 529 1919 cum
543 1867 652 1920 numeri
662 1866 731 1938 siglo
741 1865 875 1920 conlundi
884 1883 939 1936 po·
1375 1868 1383 1884 ’

165 1953 260 2010 tuerit.
289 1955 323 2008 ln
348 1953 445 2007 codice
468 1953 592 2008 Parisino
612 1954 671 2007 haee
693 1953 777 2009 verba
793 1971 939 2025 perperam
1023 1949 1156 2020 Stephan.
1172 1949 1234 2020 Byz.
1250 1967 1277 2002 v.
1295 1948 1423 2006 Χαλδαῖοι
1445 1970 1451 2004 2
1473 1947 1640 2022 Ἑκλήθησαν
1660 1954 1687 2010 δὲ
1703 1954 1756 2012 tini

165 2042 331 2114 transposita
345 2052 418 2096 sunt.
437 2042 469 2094 ln
481 2039 713 2114 scholiisvulgatis
727 2039 854 2094 ordinem
877 2058 941 2094 sen-
983 2032 1118 2090 Χαλδαίου
1138 2031 1222 2104 τινὸς,
1247 2037 1282 2097 ὡς
1303 2035 1462 2113 Δικαίαρχος
1484 2036 1510 2092 ἓν
1528 2035 1626 2115 πρώτιρ
1642 2044 1690 2112 τοῦ
1711 2044 1757 2109 τῆς

164 2129 318 2182 tentiarum
338 2119 503 2180 Bunsenius'
517 2127 635 2180 restituit
646 2125 732 2179 verba
756 2123 821 2202 Περὶ
838 2121 865 2179 δέ
888 2125 939 2178 τῶν
985 2118 1111 2184 Ἑλλάδος
1126 2118 1195 2197 βίου·
1210 2147 1222 2172 ι
1237 2119 1344 2179 Τούτων
1364 2120 1391 2177 δέ
1404 2121 1504 2179 συνέσει
1516 2123 1561 2180 καὶ
1573 2123 1680 2200 δυνάμέι
1695 2127 1753 2184 διά·

164 2212 264 2290 χρόνων
280 2209 374 2268 Ἄτα...
389 2207 539 2280 ἐπενήνοθεν
556 2207 619 2266 αἰὼν
639 2223 820 2284 transponens
836 2222 941 2285 etpost
983 2229 1059 2284 popm
1073 2208 1208 2283 γενόμενον
1219 2207 1262 2264 τὸν
1277 2207 1435 2282 καλούμενον
1455 2209 1534 2270 Νίνον
1546 2210 1592 2281 τὴν
1614 2212 1753 2288 ὁμώνυμον

164 2297 304 2354 rerbarbr
318 2295 409 2374 χρόνον
427 2294 508 2352 αἴτιον
520 2297 672 2370 γεγενῆσθαι
689 2297 837 2352 collocans.
851 2297 940 2366 Quam
986 2296 1056 2372 αὑτῷ
1075 2292 1218 2350 συνοικίσαι
1240 2294 1330 2350 πάλιν·
1346 2296 1398 2353 ἀπὸ
1416 2295 1444 2354 δέ
1464 2297 1555 2356 τούτου
1573 2298 1696 2378 τέταρτον
1710 2304 1754 2360 ίαὶ

164 2385 380 2440 adornationem
395 2403 445 2440 nos
459 2385 487 2437 in
502 2385 630 2440 versione
642 2384 835 2455 expressimus.
856 2381 940 2454 Quod
984 2376 1047 2434 δέκα
1061 2377 1171 2455 βασιλέα
1190 2378 1343 2456 γενόμενον,
1366 2371 1388 2458 ᾧ
1407 2381 1519 2458 τοῦνομα
1538 2387 1670 2446 Χαλδαῖον
1689 2379 1755 2445 εἶναι

165 2491 225 2526 rem
239 2473 350 2540 attinet,
364 2471 544 2526 dubites'sane
557 2488 623 2524 num
634 2471 692 2541 ipse
703 2468 879 2524 Dicaearchus
890 2469 940 2523 Se*
983 2465 1114 2540 λέγωσιν,
1127 2465 1180 2542 [ὅν]
1192 2488 1255 2547 ρασι
1270 2464 1315 2522 καλ
1328 2465 1473 2526 Βαδυλῶνα
1485 2468 1532 2539 τὴν
1545 2472 1755 2547 ὀνομαστοτάτην

164 2560 331 2624 sonebosin‚
344 2559 466 2630 primum
480 2575 573 2630 regem
592 2558 740 2612 mortalem
752 2573 783 2610 ac
801 2555 941 2628 legislato·
983 2553 1057 2609 πολιν
1079 2551 1139 2628 περὶ
1160 2550 1204 2609 τὸν
1234 2551 1372 2631 Εὖρράτην
1403 2556 1520 2629 ποταμὸν
1543 2560 1754 2631 κατασκευάσαι,

164 2664 242 2713 rem,
253 2641 517 2698 eundemhahuerit
529 2661 594 2696 cum
608 2643 791 2696 celeberrimo
806 2642 857 2696 isto
881 2641 939 2696 bel·
984 2639 1100 2704 ἄνταντας
1109 2639 1144 2702 εἷς
1152 2637 1231 2695 ταύτὸ
1244 2639 1421 2716 συναγαγόντα
1432 2637 1490 2708 sobe
1500 2642 1674 2718 καλουμένους
1683 2647 1756 2706 Χαλ-

163 2733 269 2800 latore,
297 2750 382 2802 quern
400 2731 485 2804 vulgo
500 2748 558 2783 non
574 2731 612 2784 ita
624 2730 744 2783 multum
764 2739 827 2782 ante
840 2729 940 2784 Troica
984 2724 1106 2790 δαίους.»
1128 2723 1238 2802 Λέγεται
1260 2724 1305 2782 καλ
1321 2727 1442 2786 Χαλδαία
1464 2725 1549 2806 χώρα.
1575 2730 1635 2790 Elei
1658 2729 1686 2790 dl
1708 2735 1753 2788 καὶ

162 2819 262 2874 uixisse
276 2819 364 2874 Graeci
381 2817 551 2883 statuebant,
577 2813 709 2870 blanetho
724 2833 791 2870 vero
806 2815 936 2886 dynastiae
983 2812 1111 2872 Χαλδαῖοι
1125 2810 1194 2876 ἔθνος
1205 2810 1314 2881 πλησίον
1328 2816 1373 2882 τῆς
1385 2813 1519 2890 Κολχίδος.
1764 2824 1768 2829 ”

163 2903 341 2960 duodecima
350 2903 511 2958 vindicavit.
524 2902 592 2956 Mihi
605 2901 719 2975 quidem
733 2901 832 2955 scholii
841 2912 940 2956 auctor
1022 2896 1120 2954 τούτων
1139 2896 1185 2974 δὲ]
1200 2901 1238 2954 sie
1251 2900 1348 2972 scripsi
1362 2919 1417 2974 pro
1429 2919 1476 2974 vg.
1498 2893 1620 2978 τούτῳδδ
1634 2922 1668 2960 ex
1683 2925 1754 2962 eorr-

162 2994 312 3046 nominum
332 2990 513 3044 similitudine
534 2988 664 3044 seductus
687 2987 825 3042 miscuisse
851 2987 940 3042 aliena
981 2987 1088 3058 jectura
1107 2987 1189 3040 Neuii
1210 3005 1255 3058 ap.
1277 2988 1486 3042 Buttmannum.
1509 2989 1642 3063 Stephani
1661 2993 1756 3048 locum

163 3077 289 3134 videtur.
317 3078 471 3132 Bunseuius
492 3071 652 3147 quoquell.
670 3074 749 3141 t.11,
765 3091 794 3144 p.
816 3069 937 3145 87)no·
984 3074 1126 3145 exscripsit
1147 3073 1304 3127 Eustathius
1324 3073 1361 3129 ad
1382 3075 1499 3147 Dionys.
1525 3077 1596 3146 767,
1612 3080 1650 3132 ita
1664 3089 1757 3136 tamen

163 3178 253 3220 strum
268 3183 363 3238 regem
376 3183 391 3216 a
403 3163 538 3216 bellatore
553 3161 685 3233 dynastia
693 3161 748 3214 Xll
764 3159 808 3212 vel
819 3161 892 3214 XIX·
902 3160 941 3214 di·
984 3170 1015 3212 ut
1037 3159 1190 3212 Dicaearchi
1211 3160 1383 3214 mentionem
1397 3161 1453 3216 alio
1468 3163 1570 3217 trahat.
1585 3166 1628 3218 lta
1641 3166 1726 3222 habet
1746 3186 1754 3222 r

164 3255 294 3328 stinguit,
315 3251 510 3324 aptissimeque
528 3249 674 3320 componit
701 3265 765 3300 cum
787 3247 937 3316 Sesortosi,
986 3240 1054 3306 Τοὺς
1068 3243 1094 3299 δέ
1108 3245 1191 3300 ἐκεῖσε
1208 3244 1253 3319 (in
1262 3246 1408 3319 Armenia)
1424 3246 1543 3312 Χάλδους
1557 3248 1677 3324 λέγεσθαι
1694 3251 1755 3308 δτι-

164 3339 240 3414 apud
254 3339 453 3396 Manethonem
475 3334 607 3408 dynastia
620 3335 706 3386 tertia·
721 3349 786 3406 rege
800 3331 938 3402 secundo,
984 3336 1073 3404 speret
1089 3333 1105 3397 i,
1124 3327 1244 3397 συνήθεια
1259 3329 1434 3402 δισυλλάδως,
1453 3334 1482 3388 οὐ
1505 3333 1661 3400 Χαλδαίους.
1676 3337 1755 3393 Χαλ-

165 3427 258 3500 deque
268 3423 466 3498 AEgyptiorum
478 3422 606 3478 institutis
615 3419 797 3475 meritissimo.
811 3420 939 3474 Ceterum
984 3415 1051 3472 δαῖοι
1064 3410 1114 3493 γάρ
1134 3414 1311 3493 τρισυλλάδως
1324 3418 1348 3474 ol
1366 3415 1429 3474 nori
1448 3415 1495 3492 plo
1509 3419 1644 3496 Κηφῆνες,
1662 3419 1714 3478 einh
1728 3419 1754 3480 δέ

165 3533 253 3586 quum
268 3508 485 3566 illanetboniana
500 3508 626 3580 dynastia
642 3507 723 3560 tertia
736 3507 771 3560 sit
786 3511 882 3580 prima
895 3527 937 3560 re·
985 3500 1104 3580 Περσέως
1116 3500 1232 3577 Πέρσαι·
1244 3503 1373 3561 Χαλδαῖοι
1387 3502 1522 3572 κληθέντες
1528 3503 1588 3561 Ιάττό
1600 3526 1667 3570 τινος
1679 3507 1755 3564 Χαλ-

163 3621 228 3674 gum
252 3595 486 3672 Memphit'drum,
516 3594 693 3650 Sesonchosis
704 3593 856 3648 Dicaearchi
871 3612 939 3648 vero
984 3586 1108 3657 δαίου,δν
1123 3609 1186 3666 ρασι
1197 3587 1319 3667 τέταρτον
1329 3589 1372 3648 tet
1386 3589 1556 3667 δέκα[ἧγουν
1567 3611 1754 3670 τεσσαρεσκαι-

163 3689 255 3742 statim
275 3695 341 3760 post
353 3686 463 3739 Horum
484 3679 568 3736 deum
589 3697 716 3754 regnasse
728 3678 839 3732 dicatur
855 3679 940 3734 :hibe
984 3675 1109 3752 δέκατον]
1133 3673 1242 3752 βασιλέα
1263 3675 1329 3750 μετά
1345 3675 1425 3734 Νίνον
1439 3675 1575 3751 γινόμενον
1596 3676 1643 3747 τὴν
1666 3677 1755 3736 Bubo-

164 3773 297 3846 equidem
308 3771 411 3844 colligo
424 3769 616 3824 Dicaearchum
627 3764 789 3838 expressisse
809 3763 940 3818 traditio-
984 3764 1054 3818 λῶνα
1063 3760 1157 3820 οἰκίσαι
1167 3805 1175 3832 ,
1188 3761 1232 3818 καί
1242 3760 1300 3828 τοὺς
1307 3761 1478 3840 συναχθέντας
1487 3761 1598 3819 καλέσαι
1608 3763 1652 3842 ἄρ’
1661 3765 1754 3822 ἑαυτοῦ

164 3881 227 3915 nem
242 3859 478 3930 Memphitarurn,
493 3850 825 3927 quoruminanagmphis
838 3851 940 3904 Seson-
985 3847 1140 3913 Χαλδαίους.
1159 3847 1285 3923 Λέγονται
1304 3849 1392 3924 μέντοι
1412 3847 1484 3927 παρά
1497 3870 1572 3905 τινων
1593 3848 1639 3905 καὶ
1658 3852 1755 3928 οἱπερὶ

164 3949 254 4002 chosis
273 3963 372 4020 regum
394 3943 654 4015 hlemphitieonun,
674 3948 756 4010 atque
768 3937 839 3992 adeo
854 3936 941 4012 AEgy-
983 3933 1030 4004 τὴν
1053 3934 1169 4013 Κολχίδα
1187 3935 1303 4005 Χάλδοι,
1319 3937 1447 3994 Χαλδαῖοι
1469 3933 1662 4013 τρισυλλάδως,
1686 3936 1754 3995 rael

163 4036 299 4106 ptius-um,
315 4033 365 4104 qui
376 4035 442 4102 post
452 4030 520 4083 deos
533 4029 690 4102 regnarunt,
703 4025 786 4080 luerit
800 4035 892 4096 caput.
906 4058 939 4068 -
984 4022 1154 4099 Δικαίαρχον.
1169 4026 1204 4078 ln
1223 4024 1325 4096 quibus
1338 4024 1479 4078 diversum
1493 4043 1509 4080 a
1524 4038 1621 4080 nostro
1635 4027 1755 4098 Stepha-

167 4121 267 4193 Populi
282 4118 406 4191 AEgyptii
418 4133 470 4188 per
482 4131 583 4188 genera
595 4114 651 4168 sire
663 4113 758 4166 classes
776 4110 939 4182 descriptio·
984 4131 1052 4167 num
1070 4122 1198 4166 tractasse
1223 4112 1382 4167 Eustathius
1403 4111 1493 4167 rideri
1514 4114 1615 4185 possit,
1639 4123 1755 4168 notante

165 4227 228 4262 nem
244 4204 412 4262 Sesonchosi
422 4213 517 4256 nostro
530 4203 587 4255 sive
600 4199 716 4255 Sesostri
731 4197 788 4268 jam
806 4199 940 4252 tribuerat
985 4196 1175 4270 Bemhardyo.
1191 4199 1250 4269 Ego
1260 4207 1353 4252 tamen
1366 4198 1535 4270 negaverim.
1547 4200 1662 4254 Rectius
1676 4200 1755 4254 Pub·-

165 4293 328 4348 Aristoteles
341 4291 425 4346 Polit.
441 4289 504 4355 Vll,
516 4307 546 4360 9,·
562 4306 572 4340 τ
589 4286 698 4356 etllv.
711 4285 794 4338 Arist.
807 4283 842 4337 fr.
859 4281 938 4357 aba),
984 4287 1042 4339 rius
1060 4301 1090 4356 p.
1119 4302 1173 4338 roo
1199 4286 1260 4342 ita:
1280 4310 1292 4332 ι
1314 4285 1406 4338 Verba
1427 4281 1495 4339 reeh
1511 4283 1669 4361 Δικαίαρχον
1690 4298 1755 4342 ante

164 4383 211 4435 ubi
225 4381 261 4435 de
275 4376 451 4450 temporibus
459 4376 531 4448 regis
540 4373 618 4428 addit
630 4371 687 4426 baec
700 4389 706 4424 :
719 4365 791 4426 [toll
799 4367 849 4446 γάρ
862 4371 938 4444 ὓπερ·
983 4365 1100 4443 λέγονται
1123 4370 1277 4436 collocare,
1294 4371 1338 4424 vel
1353 4371 1435 4424 etiam
1461 4389 1509 4424 sua
1523 4370 1589 4426 sede
1605 4374 1756 4428 retinentes

164 4465 239 4524 τείνει
252 4464 302 4534 τὴν
319 4459 395 4522 Μίνω
408 4457 572 4534 βασιλείανιὴ
593 4453 763 4530 Σεσώστριος.
785 4456 869 4529 Apud
889 4457 940 4511 Di·
983 4467 1047 4510 ante
1060 4473 1090 4509 ea
1110 4457 1309 4529 interpungere
1321 4475 1466 4530 possumus
1479 4459 1517 4511 ita
1532 4468 1563 4511 ut
1583 4459 1754 4528 Eustathius,

164 4553 319 4610 mechom
333 4551 357 4604 N
361 4550 413 4602 ilus
426 4563 475 4600 rex
492 4556 531 4600 est
544 4544 655 4599 Pltuoro
669 4548 723 4596 sive
742 4543 825 4596 Nilus
838 4543 939 4595 Erato·
985 4541 1063 4613 quod
1079 4559 1163 4614 supra
1180 4543 1330 4610 omisisset,
1344 4543 1474 4614 adjecisse
1488 4546 1635 4618 cogitetur,
1646 4564 1679 4600 ea
1691 4547 1756 4601 dico

539 4729 567 4780 8,
984 4733 1052 4769 mom
1060 4724 1175 4781 quonum
1189 4721 1445 4782 regemmtututont
1461 4735 1549 4771 nomen
1565 4724 1637 4772 luisse
1656 4722 1755 4782 dicunt,

190 4813 302 4866 mm
312 4806 503 4860 mmy
513 4820 527 4854 ἃ
537 4805 651 4856 cmm
660 4805 780 4866 quom,
795 4807 821 4854 ut
834 4805 938 4854 Dymas.
985 4797 1145 4858 Bsbylonem,
1160 4796 1244 4846 orbern
1257 4797 1425 4858 tlariminnm,
1442 4797 1473 4845 ul
1491 4799 1637 4862 Euphratem
1654 4799 1755 4848 llurium

164 4891 379 4952 muttbroprtmo
388 4889 425 4934 De
433 4884 481 4932 rm
488 4883 589 4932 (treolae
597 4882 668 4930 rolert
677 4882 742 4930 hiem
750 4881 842 4930 verbis:
853 4899 864 4922 ν
877 4883 939 4928 tuter
985 4876 1158 4934 construxisse,
1174 4874 1321 4936 congregatis
1329 4873 1413 4923 eodem
1422 4875 1534 4924 omnbus
1542 4877 1583 4937 qui
1594 4877 1628 4925 αδ
1643 4888 1701 4938 reae
1710 4877 1756 4925 itta

163 4961 491 5037 ffiffimmptbnsque
504 4959 630 5008 eminuisse
642 4959 728 5006 alnum
742 4957 825 5006 dicunt
837 4969 940 5016 eumque
985 4951 1219 5004 clultlalmoentur.
1231 4973 1242 4994 ι
1250 4947 1327 4999 Etiam
1337 4951 1606 5012 reglooorumchaldm
1614 4952 1753 5013 appellatur.

163 5032 330 5108 mammem
348 5038 395 5088 sihi
407 5037 489 5084 urhun
506 5034 590 5084 ineolis
608 5035 776 5095 lrrqrrentasse.
791 5033 825 5081 Ab
838 5045 866 5080 oo
875 5031 938 5082 ilari·
985 5032 1046 5078 Sunt
1055 5042 1113 5077 rero
1126 5028 1200 5076 etlam
1208 5025 1317 5077 clnldal
1328 5027 1429 5090 populus
1436 5027 1650 5076 colchidirletnm.
