3834 5767
779 343 996 405 niciensem
1020 347 1202 410 Messenii.

557 495 605 550 66.

235 617 355 672 Laetant.
371 617 436 672 last.
449 619 513 685 v11,
528 616 580 671 13:
598 619 685 672 Falsa
698 631 810 694 estergo
820 623 974 674 Democriti

195 715 225 757 et
233 705 382 776 Epicurius
392 703 714 759 Dicaearchideanimoe
722 707 900 762 dissolutione
908 725 969 762 sen·

195 795 282 843 tentia
303 809 312 841 .·
336 795 384 861 qui
393 787 520 862 prefecto
538 809 593 845 non
611 793 745 846 auderent
759 793 795 846 de
811 799 968 848 animarum

196 881 307 929 irueritu
318 893 401 948 mago
409 880 502 949 aliquo
508 891 648 950 Jrroesente
655 880 797 946 disserere,
813 886 861 953 qui
870 886 964 947 sciret,

193 967 273 1015 certis
284 965 450 1016 carminibus
464 969 532 1017 cieri
542 965 579 1018 ab
595 963 692 1034 inseris
706 971 816 1018 animas
832 977 861 1018 et
872 968 969 1020 adesse

193 1061 222 1102 et
239 1047 366 1120 praebere
385 1067 416 1102 se
437 1049 567 1103 humanis
581 1053 667 1104 oculis
689 1053 824 1106 videndas
844 1063 874 1105 et
892 1055 969 1124 loqui

192 1135 322 1203 ecfututa
334 1138 505 1209 proedicere,·
524 1147 551 1189 et
562 1143 588 1190 si
600 1139 744 1204 auderent,
763 1145 866 1212 reipsa
877 1152 906 1193 et
917 1141 968 1194 clo-

191 1229 324 1278 cumentis
337 1224 523 1298 presentibus
546 1231 724 1283 vincerentur.
745 1226 804 1280 Serl
822 1233 890 1299 quia
910 1246 966 1281 non

186 1313 370 1384 pervidebant
381 1317 487 1366 animoe
505 1317 654 1377 rationem,
680 1333 744 1386 quie
766 1325 823 1367 tam
842 1315 962 1381 subtilis,

192 1411 221 1450 ut
239 1401 330 1452 oculm
341 1399 472 1452 hurnnnoe
483 1404 582 1452 mentis
593 1397 728 1473 effugiat,
754 1405 867 1455 interire
880 1403 967 1455 dine—

191 1497 263 1541 runt.
279 1485 321 1542 cf.
338 1485 464 1540 Osannus
476 1484 496 1542 l.
510 1484 530 1538 l.
546 1503 577 1558 p.
596 1483 643 1540 52.
864 1485 868 1496 '

550 1615 599 1682 67.

332 1741 401 1816 [DE
419 1743 594 1796 INTERITU
616 1741 826 1817 florulenti]

230 1863 328 1916 Cicero
343 1865 385 1916 De
400 1859 474 1916 offic.
488 1863 531 1930 11,
547 1860 563 1916 5
580 1877 587 1916 :
603 1861 654 1914 Est
663 1861 823 1914 Dicoearchi
843 1861 915 1915 liber
929 1863 966 1914 ele

191 1955 303 2002 interitu
315 1949 475 2010 hominum,
493 1948 675 2020 Peripatetici
689 1953 787 2019 magni
799 1961 827 2002 et
839 1953 954 2022 copiosi,

188 2041 248 2107 qui,
263 2037 385 2090 collectis
398 2039 495 2088 ceteris
508 2039 609 2102 causis,
625 2036 766 2102 eluvionh,
780 2037 957 2107 pestilentiae,

188 2128 335 2190 vastitatis,
352 2121 503 2177 belluarum
514 2127 599 2176 etiarn
609 2127 763 2194 repentinae
778 2124 964 2177 multitudinis

190 2211 325 2282 (quarum
347 2215 449 2282 impetu
462 2209 544 2262 docet
559 2209 689 2281 quiedam
704 2205 846 2262 hominum
857 2227 964 2280 genera

192 2315 251 2351 esse
268 2295 459 2369 consumpta),
476 2295 578 2349 deinde
588 2307 744 2368 comparat,
761 2307 863 2368 quanto
868 2297 964 2369 plures

188 2385 273 2438 deleti
282 2395 347 2438 sunt
363 2383 487 2438 homines
500 2381 639 2436 hominurn
652 2387 755 2456 impetu
761 2424 769 2450 ,
789 2383 820 2437 id
830 2395 872 2437 est
882 2384 962 2438 belh's

187 2481 237 2524 aut
243 2471 429 2538 seditionibus,
447 2487 530 2543 quam
543 2472 619 2524 omni
627 2471 733 2542 reliquia
744 2471 913 2523 calamitate.
927 2495 939 2518 ι

546 2581 595 2638 68.
626 2621 631 2633 .

225 2705 305 2760 Idem
321 2703 423 2759 Consol
447 2701 484 2756 ad
494 2701 567 2758 Tull.
578 2701 625 2758 ed.
645 2703 705 2773 Bip.
722 2713 742 2758 t.
761 2701 814 2766 IX,
834 2721 864 2774 p.
883 2697 958 2758 351:

187 2792 341 2863 Meritoque
353 2788 534 2843 Diccearchus
556 2793 586 2842 in
605 2807 638 2842 eo
652 2789 732 2852 libro,
754 2807 834 2860 quem
855 2791 891 2842 de
906 2788 961 2844 ho-

187 2882 266 2931 minis
283 2881 392 2930 interitu
411 2875 574 2928 mouentum
595 2886 622 2927 et
640 2875 774 2927 eruditum
792 2877 959 2945 conseripsit,

185 2963 258 3017 nihil
270 2962 371 3016 ltabere
383 2962 561 3015 dubitationis
570 2965 688 3033 putavit,
713 2964 778 3032 quin
798 2963 882 3014 multo
891 2962 961 3033 plu·-

185 3067 230 3104 res
252 3053 381 3103 exstincti
402 3053 457 3101 sint
476 3047 599 3102 homines
617 3051 678 3119 ipsa
699 3047 839 3101 hominum
853 3053 961 3102 saevtn'a

185 3149 217 3191 et
232 3135 395 3201 acerbitate,
419 3153 502 3207 quam
520 3139 597 3188 omni
611 3135 715 3206 reliquo
731 3151 833 3204 genere
848 3136 961 3188 cohumi-

186 3228 259 3276 tatis.
270 3221 309 3277 Cf.
323 3223 406 3274 etiam
419 3220 519 3294 fragm.
532 3219 548 3273 3
559 3239 594 3275 ex
608 3221 770 3274 Censorino.
786 3221 914 3275 Ceterum
928 3222 961 3274 li-

185 3309 238 3361 ber
247 3309 289 3361 De
298 3311 405 3360 interitu
414 3307 553 3360 hominum
562 3325 621 3360 non
631 3306 754 3360 diversus
762 3304 843 3359 luisse
850 3307 961 3361 videtur

186 3393 258 3448 vela
276 3394 417 3461 lesbiaco,
441 3395 486 3447 vel
491 3411 515 3463 ,a
530 3392 715 3447 Corinthiaco.
738 3395 863 3447 Osannus
873 3411 903 3464 p.
924 3399 956 3456 ir

187 3481 288 3534 librum
309 3491 436 3534 nostrum
453 3499 517 3534 eum
537 3479 713 3534 Corinthiaco
732 3479 960 3550 componendum

186 3583 242 3622 esse
250 3579 350 3624 censet.
361 3569 472 3622 Scilicet
481 3586 567 3639 quum
577 3567 675 3622 Cicero
685 3566 758 3620 dicet
767 3566 956 3620 Dicaearchum

186 3656 216 3707 in
227 3653 301 3706 libro
317 3654 361 3707 De
374 3659 485 3707 interitu
499 3653 630 3719 interea,
643 3670 704 3723 quae
716 3669 848 3724 magnum
861 3652 957 3705 homi-

186 3761 254 3794 num
267 3759 416 3797 numerum
432 3740 525 3794 delere
536 3739 656 3806 soleant,
672 3739 754 3792 etiam
766 3740 902 3792 eluviones
911 3758 956 3792 re-

187 3829 339 3900 censuisse,
355 3827 430 3881 idem
442 3845 510 3880 vero
525 3827 622 3880 Cicero
638 3824 690 3896 (ir.
706 3823 763 3898 62)
780 3835 895 3878 moneat
905 3827 956 3879 Di·

185 3915 339 3968 caearchum
351 3914 380 3966 in
387 3913 496 3968 duobus
506 3911 675 3967 Corinthiaci
684 3911 762 3964 libris
772 3910 952 3965 disserentem

186 3999 363 4054 introducere
375 3999 569 4054 Pherecratem
588 3997 748 4052 Phthiotam
761 4017 780 4051 a
791 3998 959 4052 Deucalione

184 4099 271 4141 ortnrn
281 4107 290 4140 :
301 4089 455 4160 suspicatur
466 4088 591 4142 Osannus
597 4085 789 4141 Pherecratem
800 4086 874 4138 hune
881 4087 956 4139 Deu·

216 4351 352 4400 aristoteles
365 4355 389 4399 et
399 4350 550 4399 niuearelrus
559 4363 599 4398 eas
614 4349 692 4397 solirnr
702 4347 860 4396 divinationes
872 4347 958 4395 admit-

184 4429 240 4476 tunt
250 4440 305 4488 quse
315 4428 393 4476 lurore
401 4427 516 4475 diuinitus
526 4427 644 4483 immisso,
656 4426 681 4472 et
688 4437 743 4484 qiam
750 4423 872 4471 insomniis
881 4423 956 4471 irunt:

184 4503 288 4551 animam
299 4516 347 4550 non
360 4503 520 4551 immortalem
533 4515 596 4561 esse,
614 4499 654 4549 sed
670 4499 751 4568 divina
762 4499 865 4561 quedam
876 4512 901 4548 re
909 4499 957 4547 im-

185 4580 266 4642 pertiri
278 4581 358 4627 tanim
369 4580 507 4627 sentientes.

225 4691 264 4748 ΙΝ
285 4689 495 4750 TROPHONH
515 4686 677 4746 ANTRUM
697 4686 915 4746 DESCENSUS.

545 4811 589 4863 71.
670 4842 675 4851 ·

414 4907 437 4965 Ε
458 4905 572 4965 Lteuo
590 4904 722 4964 PRIMO.

220 5029 373 5088 Dicaearchus
388 5029 448 5078 libro
460 5029 537 5091 primo
554 5031 589 5078 lie
602 5027 715 5077 descensu
733 5027 757 5074 in
771 5025 899 5087 Trophonii
911 5037 954 5072 an-

1014 479 1184 534 calionidam
1198 480 1233 534 de
1243 479 1349 534 diluvio
1368 479 1542 536 Deucalionis
1554 503 1596 538 sni
1612 490 1782 557 exposuisse,

1014 582 1048 618 eo
1064 567 1168 621 scilieet
1183 568 1299 621 consilio
1315 578 1347 620 ut
1360 569 1395 622 ab
1409 569 1461 622 hae
1475 573 1638 626 narratione
1653 589 1783 646 progres

1012 668 1057 704 sus
1067 654 1278 724 comprobaret,
1289 671 1376 727 genus
1384 655 1552 724 humanum,
1564 660 1615 712 etsi
1625 659 1661 714 ab
1674 659 1785 712 interitu

1012 738 1142 808 proxime
1155 739 1295 792 interdum
1310 741 1434 814 abesset,
1449 761 1593 816 nunquam
1605 755 1701 798 mmen
1710 763 1786 816 pror·

1011 841 1056 876 sus
1067 824 1171 898 deleri3
1183 826 1306 899 singulos
1320 827 1433 881 interire
1443 828 1581 896 homines,
1593 848 1682 903 genus
1691 831 1788 884 hunta-

1012 929 1080 964 num
1089 929 1145 966 esse
1156 913 1313 968 immortale
1319 933 1328 981 ;
1341 913 1443 968 eodem
1455 915 1543 970 modo
1553 919 1637 971 etiam
1646 917 1685 971 de
1695 916 1785 971 anima

1011 999 1187 1053 statuendum
1199 1018 1266 1058 esse.

1225 1135 1575 1213 (nsomunnmr.)

1049 1381 1148 1436 Cicero
1163 1385 1206 1437 De
1224 1382 1312 1440 divin.
1326 1387 1352 1451 1,
1367 1385 1384 1440 3
1398 1405 1409 1438 .·
1422 1387 1601 1441 Dicaenrehus
1616 1389 1784 1462 Peripateti-

1010 1491 1057 1526 cus
1068 1487 1160 1528 cetero
1175 1476 1351 1530 divinationis
1362 1495 1468 1550 genera
1481 1483 1606 1549 sustulit,
1620 1490 1785 1538 somniorum

1009 1572 1039 1613 et
1039 1558 1148 1630 furoris
1158 1564 1276 1635 reliquit.

1048 1647 1123 1705 Ibid.
1140 1668 1166 1704 c.
1182 1647 1239 1704 50:
1255 1653 1315 1705 Nee
1329 1667 1396 1708 trem
1408 1671 1527 1725 unquam
1543 1659 1654 1708 animus
1667 1656 1787 1710 hominis

1010 1737 1177 1788 naturaliter
1184 1736 1305 1803 divinat,
1322 1743 1378 1791 nisi
1389 1757 1471 1811 quiem
1481 1745 1523 1794 ita
1533 1744 1638 1795 solenus
1645 1755 1691 1796 est
1699 1756 1729 1797 et
1737 1761 1785 1802 uo·

1009 1839 1085 1886 cuns,
1103 1833 1132 1874 ut
1146 1826 1172 1876 ei
1183 1825 1272 1894 plane
1285 1823 1360 1877 nihil
1372 1831 1413 1878 sit
1428 1844 1489 1879 curn
1506 1845 1635 1900 corpore,·
1647 1831 1726 1901 quod
1739 1843 1787 1884 ont

1008 1908 1118 1961 vatibus
1132 1914 1265 1982 contingit
1276 1922 1327 1964 ant
1338 1911 1542 1970 dormientibus.
1563 1917 1665 1987 Itaque
1682 1934 1719 1970 ea
1732 1919 1787 1970 duo

1007 2011 1111 2063 genero
1119 2014 1140 2048 a
1150 1996 1318 2052 Diccearcho
1328 1998 1482 2069 probantur
1487 2009 1528 2065 et,
1545 2012 1577 2054 ut
1584 2001 1659 2068 dixi,
1679 2021 1699 2054 a
1712 2002 1783 2056 Cro-

1009 2083 1084 2152 tippo
1091 2093 1194 2139 nostru.

1048 2167 1123 2223 lhid.
1138 2186 1161 2221 c.
1182 2170 1223 2235 ΙΙ,
1244 2167 1278 2223 51
1297 2185 1305 2226 ἰ
1321 2173 1363 2224 At
1381 2183 1476 2226 nostro
1489 2175 1602 2225 interest
1612 2178 1699 2240 seire,
1720 2193 1784 2246 quse

1010 2265 1128 2308 ventura
1137 2259 1199 2310 sint.
1217 2257 1344 2327 Magnus
1355 2258 1514 2311 Dicoearuhi
1525 2259 1594 2312 liber
1604 2272 1648 2312 est
1679 2268 1786 2314 nescire
1875 2247 1901 2345 's

1006 2357 1042 2392 ea
1055 2342 1151 2394 melius
1163 2360 1313 2416 essequam
1322 2348 1405 2400 scire.

1367 2465 1416 2515 7⁰·

1047 2550 1210 2605 Plutarchus
1222 2551 1297 2606 Piae.
1308 2551 1380 2623 phil.
1393 2554 1423 2618 V,
1443 2569 1465 2618 r,
1484 2557 1511 2621 4,
1523 2570 1554 2624 p.
1567 2560 1637 2625 9ο4,
1652 2555 1673 2608 F
1690 2572 1698 2606 ε
1714 2550 1782 2628 Ἀρι-

1007 2633 1129 2704 οτοτίλης
1144 2633 1188 2692 καί
1210 2632 1368 2714 Δικαίαρχος
1381 2635 1411 2693 τὸ
1425 2635 1483 2693 κατ’
1496 2635 1681 2714 ἐνθουσιασμὸν
1701 2638 1783 2712 μόνον

1008 2721 1197 2798 παρεισάγουσι
1208 2720 1253 2777 καί
1263 2720 1322 2787 τοὺς
1333 2720 1460 2801 ὀνείρους,
1474 2713 1602 2781 testum
1615 2722 1663 2798 μίν
1672 2715 1743 2782 εἶναι
1752 2728 1782 2783 ὠ

1005 2805 1210 2881 replicassemus
1223 2806 1320 2887 ψυχὴν,
1332 2808 1401 2867 θείου
1416 2807 1521 2876 novo<
1534 2810 1654 2889 μετέχειν
1667 2812 1763 2882 αὐτήν.

1117 2945 1179 3004 ΕΙΣ
1198 2943 1422 3006 ΤΡΟΦΩΝΙΟΥ
1441 2948 1670 3009 uertente,

1390 3087 1416 3124 1.

1234 3169 1256 3223 E
1282 3087 1396 3226 Llutti)
1419 3173 1546 3230 PRIMO.

1045 3271 1781 3354 AthenaeuleV,p.6t,1,E,F:Atuolupxoels‘vnpb·

1004 3377 1042 3432 τῳ
1058 3359 1105 3424 τῆς
1118 3357 1153 3420 εἰς
1164 3356 1315 3436 Τροφωνίου
1328 3357 1499 3426 καταὸοίοεώς
1510 3383 1588 3440 φησιν
1602 3360 1698 3427 οὕτως·
1713 3392 1726 3413 ι
1740 3362 1779 3423 Ἥ

1004 3464 1033 3517 γε
1056 3440 1103 3513 τὴν
1119 3443 1218 3511 πολλὴν
1240 3442 1357 3514 δαπάνην
1375 3446 1401 3502 ἐν
1423 3446 1476 3513 τοῖς
1495 3445 1605 3513 δείπνοις
1622 3447 1779 3526 παρέχουσα

1006 3527 1112 3608 δευτέρα
1125 3528 1241 3607 τράπεζα
1253 3530 1435 3608 προσεγένετο,
1449 3535 1494 3591 καὶ
1508 3533 1630 3614 στέφανοι
1642 3535 1693 3593 uui
1700 3537 1773 3615 μύρα

1006 3616 1051 3672 καί
1064 3614 1217 3708 bantinum
1244 3615 1289 3674 καί
1301 3615 1334 3674 τὰ
1348 3619 1447 3686 τούτοις
1458 3621 1587 3680 ἀκόλουθα
1601 3623 1699 3683 πάντα.
1714 3648 1726 3674 ν

1365 3744 1415 3794 72·
1468 3748 1472 3753 ·

1040 3825 1121 3879 idem
1127 3826 1245 3898 x111,p.
1253 3824 1320 3900 594,
1330 3829 1362 3895 E,
1373 3829 1410 3884 F:
1422 3825 1580 3905 Δικαίαρχος
1590 3826 1705 3892 δ’ίντοῖς
1712 3829 1779 3903 Περὶ

1002 3913 1048 3978 τῆς
1059 3911 1094 3974 εἷς
1103 3911 1129 3967 Τ
1130 3913 1253 3989 ρορωνίου
1264 3911 1434 3979 κοταόἄοεώς
1443 3935 1522 3991 ρηοι·
1536 3941 1550 3966 ι
1560 3913 1650 3972 Τοῦτὸ
1657 3913 1685 3971 δὲ
1698 3915 1777 3972 πάθοι

1003 4018 1040 4060 τις
1052 3994 1084 4052 ἂν
1096 3997 1139 4053 ἐπὶ
1151 3995 1198 4066 τὴν
1213 3997 1352 4067 Ἀθηναίων
1366 4000 1440 4058 πόλιν
1452 4001 1636 4079 ἀφικνούμενος
1649 4000 1718 4058 κατὰ
1729 4000 1777 4069 τὴν

1003 4083 1050 4138 ἀπ’
1066 4081 1213 4149 Ἐλευσῖνος
1229 4083 1277 4154 τὴν
1296 4082 1366 4163 isphr
1385 4085 1442 4144 ὁδὸν
1456 4085 1627 4161 καλουμένην.
1650 4087 1704 4145 Καὶ
1724 4087 1777 4164 γὰρ

1002 4267 1068 4312 trum
1078 4266 1112 4313 ita
1121 4265 1204 4314 scribit
1218 4285 1247 4315 :a
1259 4266 1345 4315 edent
1353 4267 1426 4316 etiam
1434 4281 1491 4330 quae
1501 4281 1642 4330 unguntum
1656 4269 1776 4332 impensa·

1003 4356 1056 4391 rum
1066 4344 1091 4392 in
1101 4344 1176 4393 omnis
1184 4357 1256 4393 eausa
1264 4347 1315 4405 est,
1327 4345 1432 4394 emunda
1445 4359 1526 4395 mensa
1540 4349 1566 4396 et
1579 4361 1676 4396 coronae
1686 4353 1712 4397 et
1728 4362 1776 4396 un·

1002 4423 1090 4480 guenta
1103 4426 1128 4470 et
1136 4421 1232 4470 militm
1242 4423 1267 4470 et
1280 4434 1336 4482 que
1349 4420 1387 4470 tas
1395 4421 1462 4484 iungi
1475 4423 1553 4472 solent
1564 4424 1653 4473 omnis.
1668 4445 1680 4466 υ

1364 4537 1407 4586 72.

1033 4635 1187 4684 Dioearohus
1200 4635 1226 4682 in
1242 4633 1302 4683 libro
1317 4639 1353 4684 De
1366 4635 1481 4684 descensu
1498 4637 1523 4684 in
1534 4637 1665 4699 trophonii
1678 4641 1776 4687 animm

1002 4713 1035 4760 au
1053 4731 1059 4760 =
1078 4730 1090 4753 «ι
1105 4711 1187 4760 simite
1201 4711 1260 4773 qna
1275 4711 1432 4774 anunente,
1444 4713 1486 4774 qut
1495 4713 1525 4761 aa
1538 4699 1717 4762 aristatonem
1730 4728 1773 4761 ur-

1002 4791 1057 4838 bem
1072 4791 1196 4838 amassent
1215 4791 1333 4839 Eleusinia
1350 4790 1401 4851 via,
1422 4805 1479 4852 (μου
1495 4797 1568 4840 sacra
1581 4795 1693 4840 ventur.
1712 4795 1773 4840 Nam

1001 4868 1034 4916 ibi
1049 4869 1114 4916 siens
1126 4866 1166 4916 ubi
1182 4871 1286 4930 primum
1303 4882 1385 4918 versus
1395 4870 1500 4919 Athenas
1511 4868 1645 4931 respicienti
1656 4871 1680 4918 in
1691 4870 1774 4918 oeoloe

1000 4945 1105 4993 occurrit
1124 4946 1242 5006 templum
1262 4948 1287 4994 et
1306 4959 1363 5006 arx,
1382 4945 1539 5008 juxtairnum
1559 4946 1623 4994 viam
1643 4946 1773 5006 mattheiet

1000 5024 1152 5072 exstructum
1169 5027 1365 5082 monumentum,
1382 5024 1452 5085 eirjos
1464 5037 1521 5072 utro
1536 5023 1699 5086 magnitudine
1712 5023 1773 5071 mui-
