3834 5767
809 416 1060 475 FRAGMENTA.
1679 432 1730 479 stt

143 553 245 624 plicari
266 550 346 604 facile
358 558 459 621 potest.
473 548 583 602 Scilicet
595 566 681 619 quum
697 550 811 619 Asychis
830 564 917 621 pyra-
965 548 1161 623 Eratosthenis.
1176 547 1305 603 Ceterum
1318 548 1528 617 conferrejurat
1540 566 1546 603 :
1560 552 1594 601 iri
1604 552 1738 623 AEgyptiis

144 638 251 693 midetu
265 656 281 692 e
297 636 430 691 lateribus
443 636 635 701 exstruxisset,
650 638 733 707 eique
749 637 833 691 incisa
851 643 919 689 essct
966 620 1144 707 pupilla3ipt<
1154 632 1254 689 Graecis
1263 650 1294 687 ea
1304 633 1377 689 oculi
1385 650 1448 704 pars
1458 632 1600 688 coloribus
1610 634 1738 691 distincta

145 725 306 797 inscriptio,
321 740 377 793 qua
388 722 480 775 haecce
492 722 618 793 pyramis
627 722 748 792 reliquas
761 738 857 775 omnes
872 738 919 773 su·
965 720 1035 775 cirea
1052 720 1202 791 pupillam,
1218 737 1278 789 quae
1293 719 1409 773 medicis
1422 724 1467 771 iris
1479 719 1603 773 dicitur:
1620 731 1647 775 et
1659 724 1737 777 Lati-

144 828 246 883 perare
256 807 471 882 praedicabam,
484 805 645 861 lierodotus
657 824 749 861 saxeas
761 809 823 863 istas
835 824 919 879 pyra·
965 822 1066 859 norum
1073 808 1187 877 pupilla
1200 823 1216 859 a
1226 823 1317 877 papa,
1332 814 1364 859 ut
1377 805 1537 860 Graecorum
1554 804 1627 881 κόρη.
1644 832 1655 857 »ι
1673 811 1737 863 uae

144 898 251 965 mides,
261 906 366 969 quertae
378 894 510 966 dynastiae
519 912 621 966 opera,
632 912 696 948 cum
706 896 827 949 latericia
842 912 920 947 com-
965 892 1116 945 Bunsenius
1126 894 1182 959 111,
1195 910 1225 965 p.
1239 891 1286 947 03.
1299 892 1331 944 ln
1341 890 1434 945 tabula
1444 892 1612 947 Carnaciana
1621 910 1738 965 respon-

145 987 242 1058 psrari
255 994 357 1057 putans
368 983 501 1054 Sasychin
512 983 655 1053 Mycerino
668 984 852 1054 posteriorem
864 999 920 1035 esse
966 976 1014 1031 det
1034 993 1137 1030 nomen
1156 984 1277 1043 sextum,
1303 994 1417 1030 senuna.
1434 977 1474 1029 lta
1489 978 1577 1044 enim,
1597 996 1654 1033 non
1669 996 1736 1033 rcro

146 1068 581 1125 statuisseridetur.-Ceterum
593 1070 714 1139 pyramis
725 1068 837 1139 Sasychi
848 1068 920 1139 regis
965 1062 1117 1127 Amehura,
1137 1062 1286 1135 legendum
1308 1078 1364 1117 esse
1379 1061 1578 1117 demonstravit
1599 1064 1734 1121 Birchius.

146 1158 199 1212 sita
210 1168 251 1211 est
259 1172 350 1229 prope
358 1156 469 1225 Durjuae
480 1154 554 1228 (rid.
568 1154 685 1209 Bunsem
696 1172 730 1225 9¹
743 1171 803 1226 sqq.
814 1164 841 1207 et
851 1154 919 1209 Tab.
964 1149 1055 1204 Sudor
1068 1150 1176 1221 coptice
1193 1148 1328 1222 significat
1346 1168 1353 1201 ε
1360 1148 1438 1223 fidus
1457 1155 1547 1214 canis,
1561 1156 1652 1207 sirius.
1669 1152 1735 1223 Quae

147 1246 185 1299 lV
196 1253 223 1298 et
232 1243 257 1299 V
267 1243 286 1314 ).
298 1245 332 1297 ln
344 1258 377 1295 ea
386 1240 508 1313 lapidem
519 1241 677 1313 Perriugius
688 1242 793 1294 invenit
803 1258 866 1293 erun
877 1256 920 1293 re·
966 1237 1105 1290 cohaerere
1129 1254 1193 1289 eum
1215 1236 1287 1290 Sirio
1307 1234 1496 1290 Eratosthenis
1511 1237 1658 1309 probabile
1679 1248 1729 1296 cst.

146 1331 187 1403 gii
203 1330 325 1385 nominis
338 1328 521 1400 inscriptione
542 1328 649 1381 mutila.
670 1330 738 1397 Quae
751 1328 805 1399 legi
829 1326 920 1381 adhuc
965 1322 1036 1377 Vide
1045 1322 1211 1390 Bunsen.ll,
1221 1324 1328 1393 praefat.
1339 1340 1366 1395 p.
1374 1322 1432 1377 XII
1437 1368 1442 1379 .
1455 1324 1563 1378 Nomen
1574 1322 1686 1378 Sabura
1695 1341 1739 1380 re·

147 1426 240 1488 potest
253 1415 374 1469 nominis
388 1432 454 1486 pars
465 1422 606 1485 postrema
622 1423 663 1466 est
675 1412 785 1465 haecce:
801 1414 829 1465 K
840 1413 871 1466 E.
885 1410 919 1463 U.
941 1444 946 1465 1
966 1410 1166 1481 pertumetiam
1181 1408 1217 1463 ad
1230 1410 1390 1467 Gizehiauas
1402 1409 1570 1482 pyramides,
1585 1411 1738 1485 saepiusque
1776 1400 1779 1405 ¹

148 1505 334 1574 Burseninsp.
347 1508 395 1573 94,
410 1500 513 1572 colhp.
529 1517 583 1571 ¹⁰9
594 1499 722 1571 supplet:
735 1498 849 1571 (sesua)
859 1498 920 1551 ΚΕ.
967 1496 1090 1549 occurrit
1110 1498 1139 1549 in
1154 1497 1241 1549 muris
1257 1496 1489 1569 septemtrionalis
1503 1496 1539 1551 ad
1551 1497 1655 1551 Abusir
1668 1500 1736 1554 sitae.

147 1591 299 1644 tJ--ttn
317 1590 453 1643 Preterea
469 1604 609 1658 superesse
622 1587 731 1659 signum
744 1584 826 1653 dicit,
841 1582 920 1656 quod
967 1582 1064 1653 ltaque
1072 1582 1193 1655 pyramis
1205 1582 1261 1637 haec
1273 1583 1431 1654 sepulcrum
1440 1583 1512 1655 regis
1524 1582 1605 1635 fuisse
1616 1580 1737 1639 ridetur.

148 1673 373 1749 musigniiicare,
385 1673 506 1745 ideoque
518 1689 676 1745 cognomen
684 1673 757 1744 regis
767 1674 862 1725 Mures
872 1686 920 1725 cx·
1006 1666 1135 1724 Cetermn
1152 1668 1239 1722 Sirius
1258 1687 1292 1723 ex
1311 1669 1442 1723 Bunseuii
1466 1670 1601 1723 sententia
1621 1687 1680 1723 uon
1700 1680 1739 1725 est

147 1764 275 1835 pressisse
287 1760 426 1815 rideatur.
444 1763 536 1830 Atque
545 1758 605 1811 haee
617 1758 804 1829 inscriptionis
818 1757 920 1811 indicia
966 1771 1069 1807 nomeu
1083 1754 1169 1826 regis,
1181 1752 1230 1807 sed
1245 1771 1416 1827 cognomen5
1429 1771 1533 1807 nornen
1547 1754 1660 1807 exhibet
1677 1756 1739 1809 tta-

102 1834 107 1840 .
148 1849 318 1903 Bunsenium
338 1856 503 1911 moverunt,
525 1856 558 1899 ut
574 1845 706 1915 Sasychin
719 1844 918 1915 legislatorem,
965 1838 1150 1893 nethonianus
1167 1840 1328 1904 Tus-errans,
1345 1838 1425 1911 qnod
1439 1838 1739 1919 corrigendum-inSo-

147 1934 186 1989 ed
195 1934 381 1989 Sesorcheren
393 1933 434 1998 11,
447 1950 506 1985 uon
514 1948 583 1985 vero
592 1930 629 1986 ad
639 1940 839 1983 antecessorem
851 1930 919 2001 ejus,
966 1925 1081 1977 sertasis.
1098 1926 1187 1996 igitur
1200 1934 1291 1981 sextus
1302 1942 1351 1979 rex
1367 1934 1407 1990 est

147 2038 234 2093 quem
252 2038 286 2074 εχ
299 2018 468 2073 mammone
480 2026 622 2089 tamquam
638 2016 823 2114 legislatorem
836 2018 926 2069 novi:
1085 2063 1315 2117 Siris-Sesortasis
1325 2059 1333 2135 l
1342 2062 1436 2115 ScSeIi
1442 2062 1546 2115 TeSeN
1554 2060 1561 2136 )
1577 2066 1621 2116 II.

148 2124 225 2173 mus,
233 2104 414 2160 referendum
422 2122 479 2157 esse
489 2112 623 2157 censeret.
636 2103 699 2171 Quo
710 2102 828 2169 aceedit,
841 2103 920 2174 quod
1276 2134 1281 2141 ·

148 2194 203 2249 alia
219 2201 344 2266 spectant
357 2192 431 2263 leges
448 2189 918 2260 81501115ῑὸ,11111111153111101115,
966 2204 1008 2255 Dc
1021 2202 1100 2273 regni
1123 2210 1252 2272 tempore
1273 2201 1403 2253 hianctho
1421 2218 1477 2253 uno
1492 2209 1597 2253 tantum
1615 2220 1688 2255 antro
1703 2200 1739 2255 ab

149 2280 223 2334 adeo
235 2290 268 2333 ut
279 2280 350 2333 alter
363 2276 478 2331 fortasse
492 2277 645 2348 expleverit
657 2292 718 2346 quae
735 2276 806 2327 alter
818 2275 921 2329 intacta
967 2288 1147 2342 Eratosthene
1163 2287 1264 2341 dissert,

148 2366 311 2439 “liquem-
1008 2376 1069 2431 vtl.
1085 2374 1223 2445 Septimus
1232 2372 1420 2427 Eratosthenis
1432 2392 1437 2424 :
1451 2372 1581 2427 canutus
1596 2375 1739 2431 111611611-

189 2454 223 2508 V·
245 2453 364 2523 0111111111
376 2468 427 2505 101
440 2450 616 2505 13111031110111
633 2458 673 2502 0⁵²
688 2447 830 2520 ’1110)Ῥῆῖὸ
836 2488 845 2516 1
857 2450 877 2504 i·
894 2468 919 2502 θ·
967 2479 1010 2513 ros
1024 2458 1058 2537 (i.
1073 2476 1098 2517 e.
1114 2478 1211 2513 aurum
1230 2460 1280 2513 uel
1301 2457 1429 2531 aucus),
1453 2456 1525 2513 iilius
1541 2459 1738 2518 antecedentis.

148 2537 304 2611 mimmii,
325 2548 502 2603 millesimi
517 2536 678 2591 11111θῖ1011
697 2532 826 2607 30111111·
843 2534 922 2589 Idem
968 2549 1017 2601 llis
1038 2564 1152 2617 quoque
1177 2562 1334 2617 cognomen
1361 2545 1435 2616 regis
1461 2545 1627 2599 continetur.
1655 2544 1740 2618 Apud

149 2642 254 2681 1101111311
267 2626 303 2681 ti)
320 2634 442 2696 uimque
455 2623 588 2689 indicari,
600 2621 645 2675 iel
660 2621 727 2675 inde
738 2631 828 2693 Paleis
843 2622 922 2693 q¹¹0d
967 2633 1163 2688 lilanethonem
1176 2634 1294 2703 septimo
1309 2632 1373 2685 loco
1392 2632 1508 2701 ponitur
1523 2629 1620 2685 Aches.
1642 2630 1734 2695 idem,
1757 2634 1764 2642 '

150 2711 345 2767 Eratosthenes
357 2728 450 2783 regem
460 2711 513 2765 XV
521 2706 922 2781 Saopdtt'ltittierpl'elaitlritti-
967 2729 998 2773 ut
1017 2718 1138 2785 videtur,
1158 2734 1262 2771 nomen
1279 2718 1389 2789 regium
1407 2726 1447 2769 est
1468 2717 1641 2781 A.A.KEU‚
1662 2718 1741 2789 quod

150 2818 250 2869 ww,
268 2792 921 2868 11011ῑᾶ1111Ῡθῐθὸῑέὓῑῆθθῑὸῑψθκωμασῖήςι
967 2806 1082 2877 Lepsius
1101 2806 1207 2877 reperit
1224 2804 1253 2857 in
1273 2803 1402 2875 sepulcro
1424 2802 1460 2856 ad
1481 2800 1640 2875 pyramides
1657 2803 1740 2859 Gizeh

150 2879 269 2953 Ἄνουφις
279 2885 374 2956 itaque
385 2893 479 2936 ortum
492 2881 576 2935 fuerit
587 2899 620 2935 ex
634 2875 680 2935 Ἂν
693 2879 808 2956 >Lampia
822 2883 922 2935 rocula
970 2892 1070 2962 (Bam,
1079 2908 1109 2964 p.
1122 2909 1175 2959 1⁰7
1184 2890 1206 2964 ).
1219 2889 1349 2947 Conferri
1358 2898 1450 2961 potest
1461 2890 1543 2943 etiam
1555 2906 1739 2957 nomenrsrs,

150 2968 184 3025 ἂν
197 2968 274 3025 eliud
286 2968 410 3041 ejusdcm
429 2970 503 3042 regis
515 2986 617 3022 nomen
636 2966 779 3021 continere
798 2967 923 3037 ridetur,
969 2976 1046 3048 quod
1056 2986 1187 3047 quartum
1195 2984 1235 3029 est
1242 2975 1271 3027 in
1278 2975 1347 3028 serie
1356 2974 1541 3041 Carnaciana;
1551 2992 1642 3045 neque
1651 2984 1741 3029 tamen

150 3069 184 3112 ut
196 3060 231 3112 sit
243 3076 251 3112 r
265 3051 344 3125 11νῆ
359 3058 473 3133 Zosiptc.
484 3058 554 3111 Nam
566 3056 640 3129 regis
651 3073 755 3110 nomen
766 3058 828 3111 AN
840 3059 924 3128 quiu-
968 3062 1005 3117 ad
1018 3073 1144 3117 nostrum
1152 3080 1243 3134 regem
1256 3060 1361 3115 referre
1371 3061 1443 3115 licet.
1454 3062 1629 3131 Quamquam
1638 3062 1739 3117 Buuse·

151 3156 213 3200 turn
226 3155 266 3200 est
278 3146 309 3198 in
319 3146 390 3199 serie
405 3144 587 3210 Carnaciaua,
602 3152 711 3197 sextum
728 3161 798 3196 rero
811 3154 852 3198 est
869 3144 924 3199 Sa·
969 3150 1030 3203 nius
1041 3151 1113 3202 hseu
1122 3150 1204 3201 istum
1215 3148 1251 3202 ad
1259 3147 1348 3219 prima
1360 3145 1490 3217 dynastiae
1500 3157 1601 3201 nostrae
1615 3158 1742 3220 tempora

152 3233 235 3297 hwa,
254 3231 334 3304 quod
352 3230 504 3304 respondet
524 3231 650 3302 sequenti
664 3231 724 3302 regi
737 3230 925 3286 Eratosthenis
969 3236 1066 3290 referri
1074 3236 1188 3303 mavult,
1198 3234 1332 3306 ambiguis
1341 3244 1433 3287 taruen
1444 3251 1508 3287 usus
1518 3236 1694 3306 argumentis.
1705 3266 1743 3277 -

150 3318 236 3373 Sirio.
248 3318 504 3373 ANnomeuetiam
513 3316 549 3371 ad
557 3316 716 3389 pyramides
726 3316 925 3373 Gizehianasin
970 3325 985 3375 J
988 3340 1034 3377 am
1042 3322 1252 3376 Eratosthenem
1267 3330 1294 3374 et
1303 3321 1500 3375 hirnethonem
1515 3321 1598 3375 etiam
1607 3321 1663 3375 hoc
1678 3322 1743 3377 loco

150 3406 285 3477 sepulcris
294 3406 399 3477 reperit
410 3406 538 3477 Lepsius,
550 3422 603 3457 nec
616 3422 675 3457 nou
691 3404 720 3456 in
740 3414 923 3458 monumento
971 3410 1007 3463 ita
1021 3408 1232 3482 conjungendos
1246 3408 1400 3480 putareris,
1412 3418 1443 3461 ut
1455 3426 1504 3461 rex
1517 3409 1648 3481 septimus
1662 3409 1745 3465 suerit

152 3502 242 3551 exstat
259 3490 337 3563 quod
357 3494 416 3564 ipse
432 3491 584 3545 Bunsenius
597 3489 726 3562 possidet.
748 3490 790 3545 cf.
811 3501 872 3545 not.
889 3491 925 3545 ad
971 3494 1061 3549 Aches
1074 3496 1241 3569 cognomine
1256 3494 1390 3553 Chnubos
1403 3497 1459 3549 sive
1472 3494 1609 3550 Gneuros.
1622 3494 1656 3549 Id
1675 3515 1743 3554 vero

154 3595 213 3648 reg.
227 3580 384 3650 septimum.
970 3582 1107 3637 hocloco
1121 3600 1179 3635 non
1202 3580 1265 3635 iecit
1287 3582 1454 3647 Bunsenius,
1474 3584 1523 3651 qui
1549 3600 1653 3635 nomen
1672 3586 1744 3657 regis

193 3664 313 3739 Scyphr's
322 3666 442 3719 nominis
448 3664 537 3719 forme
547 3665 679 3737 AEgyptia
687 3674 837 3731 cstcnuru,
847 3667 925 3737 quod
970 3668 1171 3721 Eratosthenici
1184 3666 1263 3721 luisse
1275 3668 1334 3720 vult
1346 3686 1352 3719 :

153 3752 252 3824 saepius
271 3770 417 3806 recurrere
435 3750 593 3805 ridebimus
616 3752 646 3805 iu
668 3749 792 3821 dynastia
817 3764 923 3824 quarta.
1009 3752 1162 3808 Sesertcren
1182 3754 1238 3807 sire
1252 3750 1401 3807 Sesortast's
1414 3756 1479 3817 III,
1506 3758 1667 3823 cognomine
1680 3755 1744 3809 Nub

153 3840 249 3913 Quare
259 3839 373 3894 difficile
385 3840 462 3893 dictu
470 3844 525 3905 eit,
536 3856 604 3892 num
612 3839 720 3891 unavel
732 3839 818 3893 altera
826 3842 925 3895 inscri—
973 3840 1118 3911 (aureus),
1131 3848 1228 3893 contra
1240 3838 1335 3891 Achcn
1350 3838 1424 3893 Man.
1440 3856 1494 3892 esse
1506 3856 1615 3911 regem,
1627 3839 1677 3909 qui
1688 3856 1743 3897 uua

154 3928 216 4000 ptio
231 3927 268 3982 ad
276 3937 403 3981 nostrum
411 3927 583 3999 potissimum
595 3942 691 3998 regem
698 3926 845 3997 pertineat.
857 3928 926 3981 Eun·
972 3948 1035 3981 curn
1053 3927 1185 3982 Sesortasi
1202 3926 1365 3999 regnaverit.
1380 3926 1424 3979 Sic
1442 3927 1516 3979 enim
1531 3922 1678 3998 explicari,
1693 3942 1743 3979 cur

154 4016 247 4068 senius
263 4014 319 4067 huc
336 4015 477 4087 pertinere
492 4014 647 4085 suspicatur
655 4028 760 4066 nornen
771 4014 879 4085 regium
897 4015 927 4067 in
972 4014 1101 4067 Manetho
1123 4030 1172 4067 suo
1188 4012 1247 4085 regi
1265 4010 1368 4065 tribuat
1385 4029 1472 4066 annos
1490 4009 1625 4077 ls,du1n
1645 4010 1743 4065 Erato-

155 4102 285 4174 sepulcro
293 4118 383 4173 prope
390 4100 573 4154 Benihussam
580 4108 734 4171 repertum,
746 4099 824 4170 quod
834 4098 927 4169 Chufu
972 4100 1080 4155 sthenes
1093 4099 1203 4153 nonnisi
1216 4116 1249 4152 11
1268 4108 1414 4153 numeret:
1427 4095 1534 4153 scilicet
1548 4098 1574 4151 11
1577 4097 1743 4153 anethouetn

156 4186 306 4260 legendum
318 4185 441 4254 ridetur,
454 4188 504 4241 etsi
517 4185 592 4241 idem
603 4200 708 4239 nomen
720 4186 750 4238 in
762 4186 821 4240 aliis
831 4188 927 4240 inscri-
972 4186 1117 4259 utriusque
1140 4186 1213 4259 regis
1235 4204 1322 4239 annos
1346 4184 1381 4238 ud
1396 4202 1483 4239 unmn
1505 4183 1629 4239 retulisse
1639 4183 1743 4237 'hohen

155 4274 301 4346 ptionibus
313 4274 373 4329 aliis
385 4276 469 4347 signis
481 4273 698 4347 hieroglyphicis
711 4273 830 4344 exprimi
844 4275 924 4331 solet.
975 4272 1009 4349 (r.
1017 4291 1046 4346 p.
1059 4292 1092 4343 77
1100 4275 1119 4345 l.
1127 4270 1194 4344 Quae
1205 4270 1475 4345 quidemleviuscula
1482 4271 1684 4343 argumentatio
1695 4278 1743 4325 est.

196 4360 244 4414 Vi.
272 4360 371 4416 Sextus
391 4378 442 4415 rex
467 4378 514 4432 ap.
535 4360 745 4414 Eratosthenem
763 4369 803 4413 est
826 4362 924 4426 Sirius,
1011 4360 1087 4415 VIII.
1106 4360 1222 4428 {raguse
1238 4356 1425 4413 Eratosthenis
1441 4358 1597 4429 explicatur
1611 4374 1680 4411 voce
1697 4356 1745 4431 rip-

156 4464 178 4501 s.
193 4443 247 4509 att<
262 4444 353 4523 κόρης,
365 4446 400 4510 ὡς
413 4442 440 4500 δὲ
455 4442 536 4521 ἔτεροι
554 4442 728 4512 idolorum,
743 4470 753 4492 a
769 4446 798 4502 h.
815 4464 831 4499 e
845 4446 929 4519 filius
973 4442 1113 4522 χικράτωρ.
1125 4444 1210 4517 Quod
1218 4446 1496 4517 interpretamentum
1505 4442 1649 4517 docetpro
1662 4438 1745 4501 Pitt-

154 4535 258 4607 prqa'lti
275 4532 374 4609 [se-iri
385 4534 430 4588 rei
440 4530 536 4608 si-r'rr']
547 4533 592 4587 vel
607 4532 711 4587 fascino
724 4550 781 4587 non
796 4544 897 4603 tactus,
912 4555 928 4591 a
974 4532 1065 4591 ΩΣῙΣ
1085 4533 1219 4587 levissima
1238 4532 1391 4587 mutatione
1412 4526 1592 4587 scribendum
1612 4547 1667 4585 esse
1683 4530 1743 4587 tta-

157 4620 326 4675 malooculo
337 4620 420 4677 liber.
434 4621 617 4675 Oculuscnim
627 4621 762 4693 AEgyptiis
773 4621 927 4690 veteribus,
976 4618 1100 4690 CssZlZ,
1114 4616 1253 4679 Ῥάσωσις.
1269 4618 1304 4674 ln
1323 4618 1511 4676 monumentis
1526 4618 1656 4673 scribitur
1673 4618 1744 4673 iid-

156 4706 188 4759 id
200 4705 279 4779 quod
292 4706 455 4762 Plutarchus
466 4706 577 4772 docuit,
589 4708 705 4779 Lepsios
718 4724 753 4761 es
762 4724 929 4762 monumen·
974 4708 1088 4763 sustin
1113 4704 1121 4783 (
1132 4725 1177 4774 ra,
1192 4707 1247 4771 sot,
1276 4710 1395 4759 omnium
1410 4722 1499 4762 rerum
1517 4709 1635 4770 initium,
1658 4720 1743 4763 resur.

157 4794 193 4847 tis
205 4794 415 4864 comprobarit,
427 4800 468 4858 tri,
483 4812 541 4847 non
554 4794 608 4859 bal,
625 4802 657 4846 ut
670 4811 745 4848 nunc
757 4792 868 4868 Captis,
878 4806 927 4850 est.
974 4798 1125 4849 dominatio
1134 4790 1155 4869 ).
1171 4824 1209 4835 -
1220 4790 1306 4866 Apud
1316 4792 1515 4847 illanethonem
1526 4800 1638 4845 ortatus
1647 4806 1696 4843 res
1707 4797 1746 4845 est

157 4880 197 4933 ln·
214 4880 334 4953 proprie
354 4880 477 4953 pupilla,
496 4879 598 4951 quibus
617 4878 735 4935 fascinus
756 4880 929 4935 circumferri
974 4880 1114 4955 Sephuris.
1137 4880 1190 4935 liic
1212 4897 1280 4934 vero
1301 4879 1379 4933 sicuti
1395 4894 1485 4933 nonus
1503 4894 1551 4931 res
1571 4872 1660 4929 alieno
1682 4872 1745 4927 loco

158 4964 304 5021 dicebatur
318 4965 395 5039 (etc.
412 4984 458 5039 ap.
476 4968 547 5020 Pliu.
564 4966 599 5020 11.
618 4968 653 5022 N.
668 4968 749 5027 vm,
771 4967 825 5041 ης
843 4985 930 5038 quaro
974 4968 1080 5042 positus
1093 4978 1141 5024 est.
1155 4966 1281 5038 Uterque
1295 4964 1330 5020 ad
1347 4966 1457 5019 initium
1473 4963 1593 5035 pertinet
1615 4957 1746 5029 dynastiae

159 5058 278 5124 utraque
289 5052 477 5107 Eratosthenis
490 5053 720 5123 interpretatione
734 5052 817 5107 lectio
827 5051 929 5107 coufir-
976 5063 1089 5126 quartas
1111 5050 1215 5109 Contra
1234 5052 1290 5105 huc
1315 5048 1497 5105 transferendi
1511 5055 1574 5101 sunt
1595 5060 1627 5097 ex
1647 5052 1746 5114 quarta

156 5146 260 5193 matur.
283 5138 328 5191 Sic
349 5136 421 5190 inira
434 5139 555 5203 Meisst'n‘,
575 5135 646 5213 pilo<
659 5135 737 5213 κόρης
758 5155 792 5191 ex
812 5141 928 5211 interpr.
976 5139 1100 5211 dynastia
1119 5154 1198 5210 reges
1211 5138 1324 5208 quintus
1344 5146 1371 5189 et
1384 5144 1489 5201 sextus,
1506 5130 1628 5184 Ilurones
1645 5138 1672 5183 et
1695 5129 1745 5181 Bt-

1588 5234 1624 5272 as·
