3834 5767
806 343 1053 407 FRAGMENTA.
1688 351 1723 402 75

126 487 224 560 syria,
240 484 289 558 qui
309 486 338 536 in
352 480 459 554 Tigrhn
480 451 586 545 tinuit,
608 478 644 531 cl.
662 477 796 548 Xenoph.
812 475 903 530 Anab.

126 574 167 643 ll,
186 579 217 641 4,
233 568 280 626 25.
301 573 342 625 De
357 569 464 640 l‘hysco
478 562 648 620 Macedoniae
663 563 700 617 cf.
716 575 777 620 not.
794 563 829 617 ad
847 566 906 616 An—

126 662 230 736 tigenis
248 659 282 712 ir.
294 676 311 710 a
325 657 357 710 in
369 656 508 727 Scriptor.
522 655 589 708 Iler.
603 651 683 706 Alex.
699 667 729 723 p.
750 647 813 720 ιθ).

165 867 270 924 idem:
286 860 452 941 Καρδοῦχοι,
467 859 536 924 ἔθνος
549 855 667 926 Μηδίας,
686 857 720 920 ὡς
741 855 863 934 Ξενοφῶν
882 857 908 912 ἐν

124 949 292 1015 Ἀναὸάσειος
301 948 326 1021 γ’
341 957 376 1020 (c.
387 947 416 1016 θ,
428 945 471 1022 9)·
483 971 495 996 ι
506 943 549 1010 Ἐς
559 941 726 1022 Καρδούχους
735 940 801 1018 ἄγει.
813 969 824 991 ι
836 938 908 999 Τού-

123 1063 181 1104 τους
195 1038 226 1095 δὲ
238 1037 337 1116 ἔφασαν
351 1035 431 1091 οἰκεῖν
445 1031 495 1088 ἀνθ
505 1030 538 1088 τὰ
552 1030 600 1108 ὄρη
614 1028 659 1086 καί
671 1025 827 1104 πολεμικούς
843 1017 909 1085 εἶναι

123 1125 166 1184 καί
188 1121 322 1202 βασιλέως
339 1123 386 1178 οὐκ
399 1117 513 1176 ἀκούειν.
529 1117 584 1178 Καὶ
602 1114 757 1196 Σοφαίνετος
776 1117 803 1172 ἐν
821 1115 909 1194 Κύρου

123 1209 259 1269 άναὸάσει
271 1206 336 1288 φησί
344 1205 407 1286 περλ
419 1207 515 1266 αὐτῶν.

162 1409 249 1466 Idem
265 1429 272 1463 ε
287 1406 403 1483 Τάοχοι,
421 1401 491 1469 ἔθνος
500 1401 624 1482 ἐνδοτέρω
642 1407 686 1459 τοῦ
698 1401 808 1460 Πόντου.
826 1401 909 1470 Kal-h

123 1495 200 1574 χώρα
210 1493 291 1553 οὗτοι.
300 1493 412 1557 Τούτους
419 1487 485 1556 τινίε
498 1489 584 1556 Τάους
593 1491 731 1560 καλοῦσιν,
739 1491 774 1554 ὡς
784 1485 909 1567 Σοφαίνε-

123 1607 163 1650 τος
174 1587 204 1642 ἐν
221 1586 254 1660 τῇ
268 1579 408 1638 Ἀναύάσει
421 1578 496 1657 φησί.
510 1579 553 1636 cf.
569 1579 734 1652 Xenophon
748 1578 839 1634 Anah.
854 1580 908 1646 IV,

126 1680 158 1738 t,
182 1671 236 1740 183
260 1669 392 1740 θῦεν,
409 1671 495 1738 ul,
512 1666 545 1736 5,
564 1686 609 1737 17·

433 1825 614 1851 ..40000-

416 1951 626 2007 CRATIPPUS.

164 2081 319 2154 Cratippus
329 2095 433 2152 suppar
444 2078 524 2132 luisse
535 2077 638 2132 dicitur
645 2075 818 2149 Thucydidi,
827 2096 911 2151 opus·

127 2187 182 2240 que
196 2167 339 2239 scripsisse
353 2183 385 2220 ea
404 2165 593 2236 complectens
606 2180 667 2235 quae
692 2162 869 2236 Thucydides
882 2165 912 2218 in

127 2256 183 2308 suis
189 2253 400 2308 commentariis
408 2252 547 2306 omiserat.
558 2246 714 2326 Κράτιππος
722 2251 736 2306 δ
744 2247 912 2325 συνακμάσας

128 2341 202 2417 αὑτῷ
224 2337 272 2395 καὶ
295 2336 329 2394 τά
345 2333 555 2415 παραλειφθέντα
577 2337 655 2394 αὐτοῦ
678 2333 841 2413 συναγαγών.
865 2337 911 2394 Sic

128 2429 282 2500 Dionysius
291 2427 354 2482 Ilal.
364 2429 407 2482 De
418 2425 506 2480 Thuc.
523 2443 548 2480 c.
564 2423 613 2494 16,
625 2443 656 2498 p.
673 2423 740 2494 847.
756 2427 799 2480 De
811 2425 911 2481 eodem

128 2515 267 2586 Cratippo
282 2514 361 2567 locus
371 2522 412 2566 est
425 2511 565 2565 Plutarchi
577 2512 619 2565 De
634 2512 706 2584 glor.
722 2511 824 2565 Athen.
841 2531 867 2566 c.
884 2531 910 2582 1,

129 2619 159 2671 p.
173 2598 242 2668 345,
254 2599 290 2666 Ε,
300 2597 350 2652 ubi
362 2598 420 2651 haec
433 2592 496 2652 :¹Av
504 2591 555 2674 γδρ
567 2595 659 2672 ἀνέλῃς
669 2593 727 2660 τοὺς
737 2593 911 2672 πράττοντας,

130 2687 179 2761 οὐχ
191 2682 256 2752 ἄεις
268 2681 328 2747 τὼς
341 2679 496 2761 γράφοντας,
507 2677 597 2739 Ἀνελε
608 2679 656 2750 τὴν
666 2680 823 2761 Περικλέους
837 2685 911 2741 πολι-

131 2771 217 2842 τείαν,
228 2769 277 2828 καὶ
289 2768 323 2826 τὰ
333 2767 459 2846 ναύμαχα
468 2765 531 2848 πρὸς
544 2766 612 2848 Ῥίῳ
624 2767 779 2849 Φορμίωνος
790 2767 911 2848 τρόπαια,

133 2859 178 2916 καί
191 2857 241 2923 τὰς
252 2855 315 2935 περὶ
329 2855 438 2934 Κύθηρα
449 2855 493 2913 καί
506 2854 618 2934 Μέγαρα
630 2855 674 2913 καί
687 2854 810 2934 Κόρινθον
821 2858 912 2936 ἄνδρα·

131 2944 222 3022 γσθίας
234 2942 345 3014 Νικίου,
359 2941 406 3000 καλ
417 2939 464 3012 τλν
478 2941 656 3019 Δημοσθύνους
672 2942 778 3015 Πύλον,
793 2943 838 3001 καί
855 2943 912 3010 τοὺς

135 3033 254 3095 Κλέωνος
276 3027 456 3108 τετρακοσίους
484 3027 682 3107 αἰχμαλώτους,
703 3029 747 3089 καλ
774 3030 909 3104 Τολμίδαν

134 3115 335 3185 Πελοπόννησον
354 3113 542 3192 περιπλέοντα,
561 3116 606 3173 καί
624 3115 780 3195 Μυρωνίδην
800 3119 911 3174 νικῶντα

134 3199 263 3266 Βοιωτούς
275 3203 302 3258 ἐν
313 3199 478 3280 Οἰνοφύτοις·
489 3199 534 3257 καί
544 3199 705 3270 Θουκυδίδης
722 3223 763 3258 σοι
780 3201 912 3281 διαγέγρα-

134 3303 206 3337 πται.
224 3276 317 3338 Ἄνελε
335 3277 370 3336 τὰ
381 3280 441 3356 περὶ
455 3277 648 3348 Ἑλλήσποντον
671 3278 832 3338 ’λλκιύιοίδου
852 3303 911 3339 νεα-

135 3367 281 3443 νιεύματα,
302 3367 348 3424 καὶ
367 3365 400 3422 τὰ
414 3365 478 3442 πρὸς
496 3365 597 3426 Λάσὸον
618 3365 790 3445 Θρασύλλου,
806 3367 851 3425 καί
864 3367 910 3438 τὴν

134 3455 182 3513 iord
197 3453 375 3534 Θηραμένους
387 3459 433 3524 τῆς
444 3455 596 3534 ὀλιγαρχίας
609 3454 764 3524 κατάλυσιν,
780 3455 824 3513 καί
838 3457 911 3536 Θρα·

135 3541 259 3602 σύὸουλον
271 3541 317 3600 καί
335 3541 451 3620 Ἀρχῖνον
467 3541 515 3616 Γ),
529 3541 574 3598 καὶ
587 3539 644 3606 τοὺς
656 3541 708 3598 άπὸ
727 3541 820 3613 Φύλης
837 3543 909 3601 tito-

136 3628 251 3704 μήκοντα
273 3626 344 3686 κατά
360 3633 406 3698 τῆς
426 3631 599 3708 Σπαρτιατῶν
611 3628 753 3706 ἡγεμονίας
769 3630 911 3708 ἀνισταμέ-

165 3795 197 3854 (¹)
213 3793 316 3855 Ἀρχῖνον
330 3805 375 3852 pro
392 3793 490 3854 vulgato
502 3791 623 3856 Ἄρχιππον
636 3793 740 3854 reposuit
759 3795 859 3856 ttritger.
875 3797 915 3844 tti-

136 3864 245 3924 storiogr.
256 3863 330 3913 Dion.
340 3863 394 3912 Ital.
403 3876 427 3924 p.
442 3869 499 3923 ιον,
511 3861 611 3910 laudans
619 3865 668 3911 vu.
679 3863 730 3912 dec.
741 3866 807 3913 Orat.
818 3877 842 3925 p.
854 3870 913 3925 835,

138 3931 287 4049 γχαξιφργρισ.
296 3935 323 3980 c.
333 3931 439 3993 ctesiph.
451 3944 474 3992 p.
484 3939 528 3993 ιιι,
538 3935 552 3980 8
561 3931 599 3980 ed.
614 3933 685 3982 Bell.
693 3969 701 3994 ‚
710 3934 807 3981 Isocral.
819 3936 847 3981 c.
859 3935 914 3984 cal-

515 4161 531 4209 3

169 4251 304 4312 carduchi,
318 4250 403 4301 nodia
413 4251 522 4312 populus
533 4251 692 4313 Sophaeuctus
700 4265 796 4314 equoque
804 4253 835 4302 de
843 4254 872 4302 iis
884 4255 918 4302 lo-

142 4328 229 4387 quitur.

516 4408 532 4456 4

144 4499 280 4626 w
290 4499 399 4548 nonnulli
408 4500 471 4547 Tuos
478 4497 599 4559 appellunt
606 4535 613 4560 ,
620 4501 654 4550 uti
664 4502 821 4563 Sophoeueius
829 4502 853 4550 in
863 4503 919 4565 cyri

449 4687 608 4710 “UO-*-

422 4821 644 4881 CllATlPPUS.

175 4951 284 5002 Sidesint
295 4953 338 5016 qui
348 4965 387 5002 ras
396 4956 494 5016 guent,
504 4955 584 5004 nullus
592 4955 637 5004 erit
644 4955 749 5004 historic
757 4956 865 5017 scriptor.
875 4963 921 5007 Au·

148 5029 518 5080 iert‘ericlieadministrationem
527 5032 670 5094 reipublicae,
678 5033 702 5082 el
709 5031 739 5080 de
748 5033 839 5082 navalis
846 5034 920 5094 praelii

150 5107 244 5158 sutoria
261 5107 293 5158 ad
304 5107 397 5158 Rhium
414 5121 428 5157 a
443 5109 585 5159 Phormione
600 5111 704 5160 erectum
721 5110 852 5172 tropaeum,
866 5112 919 5159 tum

951 491 1022 540 νους,
1037 468 1082 526 καὶ
1098 466 1206 528 Κόνωνα
1224 465 1304 524 πάλιν
1323 465 1499 542 ἐμύιθάζοντα
1511 466 1558 533 τὰς
1573 465 1680 538 Ἀθήνας
1693 470 1728 534 είς

951 555 999 627 τὴν
1011 555 1159 614 θάλατταν·
1174 553 1220 612 καί
1235 553 1390 633 Κράτιππος
1403 554 1548 634 ἀνῄρηται.

988 649 1078 721 Igitur
1090 666 1150 701 non
1164 647 1256 700 solum
1264 645 1447 718 praetermissa
1461 643 1650 717 aTbucydide
1663 645 1731 701 Cra·

953 732 1048 806 tippus
1059 733 1213 805 supplevit,
1225 729 1354 804 sedopus
1367 729 1425 801 ejus
1439 731 1522 786 etiam
1533 731 1726 798 continuavit,

953 836 1045 890 neque
1065 818 1186 873 substitit
1204 819 1235 872 in
1248 815 1305 872 fine
1325 818 1392 872 belli
1414 817 1659 889 Peloponnesiaci,
1680 817 1731 872 sed

952 906 1088 959 ulteriora
1109 905 1193 958 etiam
1209 914 1371 976 persecutus
1384 912 1425 956 est
1445 902 1482 957 ad
1497 920 1529 956 ea
1542 920 1632 976 nsque
1653 913 1727 957 tem-

953 1009 1039 1063 pora,
1063 991 1166 1064 quibus
1179 991 1360 1045 Athenienses
1376 999 1542 1062 potestatem
1563 991 1731 1045 maritimam

954 1079 1079 1133 Cononis
1095 1096 1183 1150 opera
1199 1076 1415 1148 recuperarunt,
1430 1088 1458 1131 et
1477 1087 1542 1150 post
1554 1087 1642 1132 tantas
1655 1078 1731 1131 cula-

954 1165 1063 1219 mitates
1076 1164 1171 1218 denuo
1186 1181 1280 1218 rerum
1295 1163 1469 1234 aliquatenus
1479 1165 1563 1234 potiti
1574 1157 1732 1234 sunt.'I·2jns

954 1251 1144 1306 conversionis
1155 1260 1330 1306 momentum
1351 1251 1382 1303 in
1401 1251 1504 1322 proelio
1524 1251 1660 1322 positum,
1674 1269 1732 1322 quo

954 1337 991 1392 ad
1003 1338 1123 1393 Cnidum
1133 1338 1222 1392 classis
1234 1335 1512 1391 Lacedaemoniorum
1521 1337 1612 1392 deleta
1621 1348 1662 1390 est
1672 1338 1731 1408 (01.

955 1424 1004 1496 96,
1024 1422 1057 1492 33
1072 1442 1098 1479 a.
1122 1424 1153 1478 C.
1168 1422 1248 1497 394).
1266 1424 1415 1496 Cratippus
1437 1424 1522 1496 igitur
1542 1423 1665 1478 historiis
1677 1425 1733 1476 suis

955 1510 1172 1583 comprehendit
1194 1509 1265 1564 illud
1287 1509 1486 1581 septemdecim
1509 1527 1648 1564 annorum
1667 1528 1733 1581 spa-

955 1597 1041 1663 tium,
1062 1595 1141 1668 quod
1166 1597 1369 1668 Theopompus
1393 1613 1509 1669 quoque
1531 1597 1561 1649 in
1583 1595 1734 1650 Hellenicis

956 1683 1130 1737 tractandum
1144 1683 1197 1737 sibi
1207 1684 1323 1754 sumpsit
1337 1681 1387 1759 [V.
1403 1683 1515 1756 Fragm.
1531 1683 1602 1736 IIist.
1616 1692 1686 1738 tom.
1704 1684 1732 1748 l,
1840 1717 1846 1728 ·

954 1767 1148 1842 p.l.xv111i.
1167 1765 1225 1837 Τὴν
1250 1765 1300 1824 ὑπὸ
1321 1765 1494 1843 Θηραμάνους
1512 1771 1559 1836 τῆς
1579 1765 1733 1843 ὀλιγαρχίας

956 1853 1101 1912 κατάλυσιν
1117 1855 1178 1930 (01.
1194 1873 1248 1928 92,
1262 1873 1296 1924 ας
1311 1873 1337 1909 a.
1354 1857 1387 1909 C.
1402 1853 1474 1929 ηιε)
1485 1856 1544 1927 ipse
1557 1855 1735 1927 Thucydides

954 1941 1012 2013 jam
1028 1954 1195 2015 exposuerat
1209 1943 1257 1996 lib.
1272 1943 1357 2015 VIII,
1378 1940 1415 2014 89
1426 1960 1489 2014 sqq.
1510 1941 1615 1996 Eadem
1626 1952 1733 2007 aesute,

956 2046 1013 2101 qua
1029 2029 1184 2103 oligarcbia
1195 2030 1312 2084 Athenis
1333 2030 1477 2100 antiquata
1496 2040 1551 2097 est,
1574 2039 1650 2102 gesta
1669 2039 1735 2082 sunt

956 2133 1019 2188 quae
1043 2117 1081 2171 ad
1092 2117 1246 2188 Mytilenen
1268 2127 1298 2171 ct
1314 2127 1413 2170 contra
1436 2118 1551 2171 Eresum
1572 2117 1629 2188 egit
1643 2117 1735 2170 Thra-

956 2204 1052 2275 syllus.
1071 2205 1141 2275 Quae
1156 2221 1244 2276 quum
1264 2204 1363 2276 paucis
1384 2202 1563 2275 Thucydides
1583 2201 1736 2257 absolverit

958 2287 1057 2364 (VIII,
1085 2290 1171 2364 τοο),
1186 2291 1302 2345 uberius
1319 2291 1479 2363 exposuisse
1491 2290 1606 2344 videtur
1626 2293 1735 2363 Cratip-

956 2397 1025 2451 pus,
1043 2379 1160 2434 t‘ortasse
1171 2397 1206 2436 ex
1220 2379 1312 2434 Lesbo
1333 2379 1487 2447 oriundus,
1502 2388 1578 2432 certe
1599 2381 1649 2451 qui
1663 2399 1735 2433 unns

956 2476 1059 2538 praeter
1072 2466 1205 2519 Nostrum
1218 2465 1288 2518 mihi
1302 2465 1427 2519 innomit
1439 2465 1605 2536 Cratippus,
1620 2465 1733 2538 Mytile-

957 2569 1033 2604 naeus
1050 2563 1092 2605 ost
1107 2552 1291 2624 philosophus
1309 2553 1449 2624 Pompeio
1470 2551 1625 2606 carbsimus
1646 2551 1732 2628 (Plu-

959 2638 1048 2694 urch.
1071 2640 1172 2710 Pomp.
1193 2636 1245 2706 75,
1263 2639 1341 2692 Brut.
1366 2658 1392 2695 c.
1413 2638 1460 2707 αθ,
1481 2639 1580 2693 Cicero
1600 2638 1635 2694 ir.
1662 2641 1732 2696 Tim

957 2743 983 2779 c.
1003 2744 1030 2793 1,
1045 2725 1148 2779 AElian.
1162 2726 1195 2780 V.
1214 2727 1250 2779 II.
1267 2726 1335 2792 VII,
1349 2723 1410 2797 nil.
1427 2757 1467 2768 -
1479 2721 1523 2783 Τὰ
1540 2724 1600 2802 περί
1618 2723 1733 2794 ‘Enic-

958 2830 1052 2868 ποντον
1076 2807 1241 2867 Ἀλκιθιοίδου
1260 2807 1449 2885 νεανιεύματα,
1468 2831 1530 2884 quac
1549 2815 1644 2886 primo
1670 2815 1734 2868 loco

957 2910 1097 2954 memorat
1109 2896 1290 2964 Plutarchus,
1305 2898 1343 2953 ad
1355 2918 1388 2954 ea
1399 2918 1462 2972 quar
1474 2900 1653 2973 Thucydides
1665 2919 1733 2955 nar-

957 2997 1002 3040 rat
1014 2988 1093 3055 VIII,
1108 2984 1145 3050 45
1156 3004 1219 3058 sqq.
1235 2984 1336 3040 referri
1346 2987 1393 3040 vir
1402 2999 1527 3060 possunt.
1543 2989 1636 3058 Quare
1649 2987 1734 3043 chro-

957 3073 1120 3145 nologicum
1138 3091 1235 3128 rerum
1256 3070 1388 3127 ordinem
1406 3075 1436 3128 iu
1448 3075 1648 3150 ‘enumerandis
1667 3075 1736 3128 locis

958 3159 1081 3213 historiae
1103 3179 1164 3214 non
1177 3159 1355 3214 observatum
1368 3179 1425 3216 esse
1438 3162 1520 3216 statari
1531 3159 1630 3227 debet,
1650 3161 1736 3233 idque

962 3245 1130 3302 confirmant
1140 3266 1203 3321 quae
1214 3246 1389 3320 Thucydidei
1401 3249 1496 3322 operis
1509 3249 1600 3320 capita
1612 3250 1641 3301 in
1652 3260 1736 3303 ante-

957 3341 1121 3396 cedentibus
1134 3354 1322 3398 recensentur.
1337 3343 1402 3397 Alio
1413 3353 1506 3398 autem
1518 3345 1660 3400 Plutarchi
1668 3345 1733 3398 loco

957 3426 1094 3483 docemur
1107 3430 1269 3502 Cratippum
1285 3430 1329 3484 vel
1353 3447 1388 3484 ex
1402 3432 1452 3506 iis,
1476 3449 1538 3502 quae
1561 3431 1635 3488 libro
1654 3440 1732 3485 sexto

958 3510 1034 3586 (cap.
1050 3532 1086 3584 ²7
1108 3514 1186 3589 sqq.)
1208 3515 1387 3588 Thucydides
1402 3529 1579 3586 narraverat,
1600 3519 1735 3572 nonnidla

957 3611 1127 3656 retractasse.

1339 3727 1362 3760 1.

998 3823 1108 3877 Etenim
1116 3824 1339 3881 PlutarchusVit.
1351 3825 1429 3880 Orat.
1441 3825 1486 3893 11,
1498 3843 1561 3896 1,p.
1570 3823 1625 3889 831,
1641 3844 1647 3878 :
1662 3823 1737 3882 Μετὰ

960 3904 1085 3963 δὲταῦτα
1100 3906 1222 3972 αἰτιαθεὶς
1237 3907 1413 3984 )Ἀνδοκίδης)
1430 3907 1546 3979 ἆσεθεῖν,
1557 3911 1592 3973 ὡς
1603 3909 1648 3964 καί
1662 3907 1738 3974 αὐτὸς

960 3989 1018 4056 τοὺς
1032 3990 1135 4069 Ἑρμᾶς
1148 3992 1290 4072 περικόψας
1302 3993 1347 4051 καλ
1358 3993 1436 4060 alred
1446 3999 1492 4063 τῆς
1503 3993 1641 4074 Δήμητρος
1652 3997 1737 4071 ἆμαρ-

962 4153 1036 4201 hicio
1045 4154 1109 4214 apud
1118 4155 1224 4216 cythera
1238 4158 1264 4206 et
1279 4159 1374 4219 Megara
1384 4159 1409 4206 et
1421 4159 1564 4207 οοτὶιεθιυιπ
1575 4159 1669 4222 egregia
1678 4159 1737 4208 iaci-

962 4245 1034 4292 nora,
1044 4233 1130 4294 Pylum
1140 4235 1320 4298 Duumtlreuis,
1330 4237 1426 4286 Cleonis
1432 4238 1539 4299 captivos
1544 4237 1738 4301 quadringenos,

962 4310 986 4357 et
994 4309 1130 4359 't‘olmidam
1137 4312 1178 4373 qui
1185 4312 1277 4362 circum
1283 4313 1473 4375 Peloponnesum
1482 4313 1740 4376 navigethtyronidem

962 4387 1006 4447 qui
1015 4389 1111 4438 Bootes
1121 4389 1202 4438 viomi
1214 4390 1278 4452 apud
1289 4392 1427 4453 OEnophyia
1440 4391 1507 4453 :iam
1520 4391 1635 4442 deleveris
1643 4393 1739 4453 'Ihncy-

962 4461 1124 4514 didem.Toile
1129 4465 1468 4517 Alcibiadisconatusaudsces
1478 4469 1543 4530 apud
1550 4455 1739 4531 hellespontum,

962 4541 1078 4603 Thrasylli
1086 4542 1116 4591 ad
1128 4544 1244 4604 Lesbum,
1252 4547 1395 4595 eteversam
1403 4547 1572 4596 a'Iheramene
1578 4559 1709 4608 muoomm
1716 4547 1741 4594 in

964 4618 1085 4680 republica
1102 4622 1259 4682 potestatem,
1270 4623 1448 4684 Thrasybulum
1461 4626 1486 4672 et
1495 4626 1641 4685 Archmruu,
1655 4637 1684 4673 ae
1702 4637 1739 4672 sr-

963 4695 1088 4756 ptuaginta
1093 4696 1302 4761 istosquianyla
1309 4700 1409 4762 proiecti
1416 4702 1500 4749 muira
1507 4701 1664 4762 principatum
1672 4705 1740 4761 Spar-

964 4773 1432 4838 tanorumiusurrexerunt,etcouonem
1446 4777 1602 4827 Allienienus
1608 4790 1705 4826 rursum
1716 4777 1741 4824 in

966 4861 1032 4896 inare
1045 4848 1223 4900 deducentem:
1239 4853 1364 4904 uutuluis
1378 4854 1527 4916 Cratippum.

1345 4966 1366 5008 l.

998 5038 1126 5088 Posttnodo
1136 5039 1231 5091 violate
1245 5043 1363 5104 religionis
1382 5043 1592 5105 postulatusque!
1610 5043 1634 5089 et
1653 5043 1701 5102 ipse
1712 5041 1742 5087 th·

966 5126 1050 5163 eorum
1060 5117 1121 5165 esset
1134 5130 1221 5178 censu,
1235 5109 1378 5180 quistatim
1387 5119 1497 5169 itercurii
1509 5119 1655 5167 truncassent
1667 5119 1691 5167 et
1702 5131 1744 5165 ar-
