3834 5767
208 337 260 390 tii
332 383 336 390 ,
734 319 979 382 Aulsuouuels
1007 317 1255 379 FRAGMENTA.

203 455 278 536 κυρία
289 453 311 513 δ’
323 453 422 520 οὐδενός
432 455 501 513 έστιν
510 452 594 524 ἀλλ’ἢ
609 451 810 532 συνεπιψηφίσαι
819 451 852 511 τά
864 453 973 522 δόξαντα
1022 453 1053 509 tx
1061 453 1114 508 τιῗιν
1124 447 1333 525 κεκοσμηκότων.
1349 445 1383 524 (a)
1406 445 1471 524 Περὶ
1484 436 1521 504 ὧν
1536 445 1595 512 τούς
1607 447 1700 514 αύτούς
1712 448 1745 506 ἄν
1756 472 1794 514 τις
1889 460 1891 533 γ

203 551 255 608 τοῖς
268 539 371 620 γέρουσι
385 539 429 599 καί
442 548 494 606 τοῖς
513 536 742 616 κόσμοιςΤδμίν
761 530 805 596 oia
818 543 869 598 τῶν
884 563 974 599 coeca·
1020 537 1088 595 τίποι
1097 535 1187 611 λόγους
1200 534 1245 591 καί
1258 533 1318 612 περὶ
1336 536 1388 589 τῶν
1402 535 1428 589 ta
1445 532 1623 609 Λακεδαίμονι
1633 535 1794 612 γινομένων·
1889 536 1891 557 '

203 629 266 688 τίων
279 628 333 707 ἔχει
351 627 450 706 βέλτιον
463 631 515 693 τοῖς
530 625 629 706 ίίρησίν
644 623 661 694 ἦ
675 633 727 692 ταῖς
738 623 877 684 Λάκωσιν·
891 629 916 684 έν
928 627 975 704 μέν
1019 621 1050 680 τί
1061 619 1111 698 γὰρ
1127 619 1299 677 ἅνθπθύθυνθ*
1313 618 1359 677 καί
1369 617 1399 675 τὸ
1415 619 1457 675 δῑθ
1473 618 1539 695 βίου,
1553 621 1641 696 μεῖζόν
1652 623 1709 679 ἔστι
1719 621 1797 700 γέρας

144 781 150 790 ,
204 714 256 794 γδιρ
276 713 452 790 Λακεδαίμονι
476 712 545 771 κατὰ
565 710 679 792 κεφαλὴν
698 712 805 777 ἕκαστος
820 712 931 792 εἰσφέρει
945 715 975 773 τό
1018 706 1263 778 τῆςᾶξίαςᾰῦτνῖς,
1284 705 1329 763 καὶ
1343 705 1374 762 τὸ
1387 706 1425 780 μὴ
1438 704 1507 763 κατὰ
1524 706 1671 785 γράμματα
1691 707 1797 786 ἄρχειν,

203 799 372 878 τεταγμένον·
388 803 411 857 εί
426 799 452 858 al
465 798 520 875 μὴ,
534 798 652 875 μετέχειν
667 797 744 872 νόμος
758 797 852 854 κωλύει
865 804 910 870 τῆς
921 823 971 858 uo·
1020 795 1078 852 ἀλλ’
1092 793 1306 869 αὐτογνώμονας,
1320 793 1471 871 ἐπισφαλές.
1512 793 1553 852 Τὸ
1565 795 1587 850 δ’
1600 791 1744 872 ἡσυχάζειν
1759 797 1797 869 μὴ

205 888 315 962 λιτείας,
333 887 450 967 καθάπερ
461 887 562 966 είρηται
574 887 619 944 καί
628 882 759 964 πρότερον.
772 883 818 943 Ἔν
833 883 859 942 δὲ
881 885 974 965 Κρήτῃ
1021 879 1216 958 μετέχοντατὸν
1233 882 1324 954 δῆμον,
1337 879 1408 937 dala
1420 889 1527 954 σημεῖον
1540 886 1585 938 τοῦ
1599 881 1727 957 τετάχθαι
1744 905 1795 939 κα·
1889 922 1890 963 3

205 973 370 1054 κοινοτέρως·
384 974 436 1032 ἀπὸ
449 974 554 1032 πάντων
572 971 624 1051 γὰρ
643 973 695 1028 τῶν
709 969 849 1047 γινομένων
868 976 975 1050 καρπῶν
1020 971 1083 1032 λῶς·
1096 964 1152 1025 ούδί
1171 965 1222 1045 γὰρ
1235 965 1375 1041 λήμματός
1388 989 1414 1023 τι
1428 971 1481 1032 τοῖς
1494 967 1619 1042 κόσμοις,
1631 965 1723 1046 ὥσπερ
1737 969 1792 1032 τοῖς

203 1083 232 1118 τε
247 1060 291 1119 καί
312 1059 555 1139 βοοκημάτων,καί
568 1060 597 1116 ἐκ
610 1061 661 1115 τῶν
675 1055 805 1133 δημοσίων
819 1056 863 1115 καλ
877 1057 977 1138 φόρων,
1020 1053 1136 1132 ἐφόροις,
1149 1052 1238 1131 πόρρω
1246 1051 1272 1126 γ’
1283 1054 1435 1108 ἀποικοῦσιν
1444 1055 1470 1110 ἰν
1482 1051 1554 1132 νήσῳ
1564 1057 1615 1111 τῶν
1626 1053 1797 1132 διαφθερούν-
1889 1064 1890 1069 ’

205 1146 246 1212 οθς
256 1145 376 1226 φέρουσιν
390 1149 414 1204 οἱ
428 1146 569 1224 περίοικοι,
587 1143 709 1202 τέτακται
722 1141 798 1221 μέρος
808 1143 838 1200 τδ
851 1143 898 1219 μὲν
912 1145 975 1224 πρὸς
1021 1163 1082 1198 των.
1104 1139 1159 1198 ‘liv
1171 1140 1199 1196 δέ
1210 1143 1345 1196 ποιοῦνται
1355 1141 1402 1208 τῆς
1411 1138 1542 1217 ἁμαρτίας
1554 1139 1650 1211 ταύτης
1664 1139 1795 1218 ἰατρείαν,
1889 1150 1890 1153 ’

203 1233 262 1300 τούς
273 1232 343 1300 θεοὺς
354 1234 399 1291 καί
410 1232 456 1299 ud<
466 1231 553 1297 κοινὰς
565 1230 736 1309 λειτουργίας,
748 1228 777 1286 τὸ
787 1228 813 1286 δὲ
826 1237 878 1296 τοῖς
886 1253 976 1290 eouer-
1021 1225 1117 1292 ἄτοπος
1127 1225 1172 1283 καί
1186 1226 1216 1282 οὗ
1228 1222 1366 1296 πολιτικὴ,
1378 1223 1447 1282 αἰλλίι
1463 1224 1660 1294 δυναστευτική.
1675 1226 1707 1303 (7)
1721 1227 1797 1285 Πολ·

203 1319 276 1396 τίοις,
292 1320 359 1378 ὥστε
382 1323 412 1377 ἐκ
425 1323 511 1377 κοινοῦ
525 1317 661 1397 τρέφεσθαι
680 1315 779 1380 πάντας
793 1313 839 1372 καὶ
852 1317 976 1392 γυναῖκας
1020 1311 1095 1378 λάκις
1106 1311 1158 1390 γάρ
1173 1310 1329 1369 ἐκόάλλουσι
1341 1309 1481 1377 συστάντες
1493 1310 1560 1376 τινὲς
1572 1310 1630 1377 τούς
1649 1312 1766 1388 κόσμους
1779 1311 1796 1380 ἢ

204 1404 249 1462 καλ
261 1407 358 1471 παῖδας
369 1407 414 1463 καὶ
426 1405 529 1483 ἄνδρας.
555 1405 588 1479 (ι)
602 1403 673 1481 lips<
687 1401 978 1478 δέτὴνόλιγοσιτίανόις
1020 1400 1072 1454 τῶν
1086 1396 1266 1477 συναρχόντων
1276 1395 1453 1466 aedilvini
1466 1395 1703 1464 ίδωιτῶν.”Εξεστι
1714 1398 1798 1456 δὲκαὶ

203 1490 333 1570 ὠφέλιμον
347 1489 432 1548 πολλὰ
446 1487 651 1568 πεφιλοσόφηκεν
664 1491 678 1545 ό
689 1485 841 1562 νομοθέτης,
858 1487 978 1567 καὶπρὸς
1024 1481 1121 1559 μεταξύ
1132 1491 1185 1549 τοῖς
1197 1483 1305 1558 κόσμοις
1319 1485 1441 1543 ἀπειπεῖν
1454 1483 1501 1552 τλν
1515 1483 1611 1562 ἀρχήν.
1652 1487 1749 1543 Ταῦτα
1764 1484 1795 1554 δὴ

203 1576 251 1645 τὴν
264 1576 389 1644 διάζευξιν
399 1579 451 1634 τῶν
465 1579 606 1651 γυναικῶν,
618 1573 660 1631 ίνα
676 1573 713 1648 μὴ
726 1575 913 1644 πολυτεκνῶσι,
928 1573 976 1644 τὴν
1022 1569 1109 1628 πάντα
1125 1571 1225 1649 βέλτιον
1238 1567 1434 1648 γίνεσθαικατδ
1444 1567 1552 1645 νόμονῆ
1566 1567 1634 1628 κατὰ
1650 1570 1797 1650 ἀνθρώπων

205 1663 268 1742 πρὸς
279 1664 337 1728 τοὺς
346 1663 454 1742 ἄρρενας
467 1661 577 1732 ποιήσας
591 1661 703 1737 ὁμιλίαν,
715 1660 774 1737 περὶ
785 1651 828 1733 ἧς,
840 1661 862 1717 εί
874 1659 978 1740 φαύλως
1024 1655 1166 1733 βούλησιν·
1182 1659 1212 1714 ού
1225 1655 1277 1734 γάρ
1287 1655 1407 1735 ἀσφαλὴς
1421 1654 1540 1714 όκανών.
1561 1655 1674 1714 Πάντων
1688 1658 1794 1738 δὲφαυ-
1889 1654 1890 1673 ³

203 1749 220 1817 ἢ
236 1747 272 1823 μὴ
287 1747 407 1829 φαύλως,
428 1747 513 1827 ἕτερος
528 1747 601 1806 ἔσται
617 1752 661 1804 τοῦ
676 1745 865 1825 διασκέψασθαι
879 1748 977 1826 καιρός.
1020 1741 1128 1802 λότατον
1141 1742 1172 1800 τό
1189 1747 1237 1812 τῆς
1255 1741 1383 1818 ἀκοσμίας
1405 1745 1458 1800 τῶν
1478 1741 1799 1813 lacaedemoniorum

203 1832 268 1893 'Oua
274 1833 302 1892 el
310 1835 344 1893 τὰ
351 1835 411 1914 περί
418 1835 453 1892 vl
461 1834 582 1893 συσσίτια
591 1832 690 1913 βέλτιον
702 1831 825 1890 τέτακται
838 1840 889 1898 τοῖς
904 1829 978 1912 Κρη-
1021 1829 1157 1900 πολλάκις,
1171 1828 1233 1886 όταν
1242 1826 1279 1903 μὴ
1293 1827 1366 1894 δίκας
1380 1827 1526 1905 βούλωνται
1536 1829 1642 1886 δοῦναι·
1657 1821 1738 1906 {act
1752 1832 1799 1900 δῆ-

204 1920 245 1978 aiv
258 1917 275 1991 ἢ
286 1929 341 1988 τοῖς
355 1921 481 1997 Λάκωσι,
494 1921 611 2000 φανερόν.
625 1918 668 1979 Ti
682 1919 709 1977 al
724 1918 783 1998 περὶ
797 1917 854 1984 τοὺς
868 1919 979 1995 κόσμους
1021 1918 1121 1991 λοιμός
1131 1914 1185 1993 ἔχει
1196 1936 1221 1971 τι
1227 1913 1359 1980 πολιτείας
1369 1916 1386 1984 ἡ
1398 1913 1478 1984 τάξις,
1484 1915 1706 1974 άλλόύπυλιτεία
1716 1917 1797 1987 ἐστὶν,
1889 1948 1890 1961 ι

204 2002 243 2062 έτι
259 2009 344 2084 χεῖρον
356 2009 406 2064 τῶν
421 2005 534 2085 ἐφόρων·
553 2005 624 2082 ὃμὲν
638 2005 688 2084 γὰρ
713 2004 767 2082 έχει
785 2003 865 2062 κακόν
879 2006 912 2063 τδ
925 2009 977 2064 τῶν
1022 1999 1091 2060 illi
1111 1999 1252 2060 δυναστεία
1275 2001 1385 2076 μᾶλλον.
1410 1999 1527 2058 Είόιθασι
1545 2000 1572 2057 δὲ
1596 2002 1795 2077 διαλαμύάνον-

205 2089 302 2169 ἐφόρων
312 2095 426 2171 ἀρχεῖον,
440 2090 554 2170 ύπάρχει
571 2093 616 2151 καλ
631 2091 744 2148 τούτων·
758 2089 871 2168 γίνονται
883 2090 934 2170 γάρ
951 2095 975 2150 οἱ
1021 2111 1062 2154 τες
1076 2089 1121 2146 τόν
1143 2090 1225 2164 δῆμον
1245 2085 1290 2144 καί
1305 2083 1363 2153 τούς
1379 2087 1467 2166 φίλους
1485 2086 1630 2167 μοναρχίαν
1643 2097 1729 2147 ποιεῖν
1752 2092 1795 2147 καὶ
1889 2158 1890 2161 ¹

205 2175 337 2254 τυχόντες·
348 2177 392 2236 δύ’
400 2180 456 2236 ἐκεῖ
462 2177 585 2257 συμφέρει
595 2176 659 2256 πρὸς
667 2175 716 2246 τὴν
725 2175 866 2248 πολιτείαν,
876 2179 977 2236 ἐνταῦθ’
1022 2174 1170 2242 στασιάζειν
1187 2173 1232 2232 καί
1243 2171 1375 2252 μάχεσθαι
1388 2173 1452 2252 πρὸς
1466 2173 1603 2243 ἀλλήλους.
1616 2176 1648 2252 (a)
1661 2175 1761 2235 Καίτοι
1773 2177 1798 2233 τί

204 2265 250 2320 οὐκ
264 2263 344 2323 ἔστιν»
358 2264 431 2324 Ἐκεῖ
440 2263 486 2338 μέν
496 2263 557 2344 γάρ,
569 2263 611 2322 διδ
622 2264 652 2321 τὸ
663 2261 710 2333 τὴν
720 2261 818 2342 αἵρεσιν
829 2265 858 2320 lx
872 2263 976 2323 πάντων
1022 2260 1138 2341 διαφέρει
1151 2259 1182 2319 τὸ
1199 2258 1397 2330 τοιοῦτονῆδιθι
1413 2259 1481 2325 τινός
1493 2259 1587 2340 χρόνου
1609 2263 1707 2336 μηκέτι
1722 2263 1797 2321 πολιν
1889 2338 1890 2341 γ

204 2339 284 2428 εἶναι,
299 2350 417 2431 μετέχων
431 2356 445 2408 ὁ
467 2351 547 2427 δῆμος
562 2355 608 2422 τῆς
622 2349 747 2427 μεγίστης
761 2351 844 2428 ἀρχῆς
856 2348 977 2428 βούλεται
1022 2339 1089 2406 εἶναι
1100 2346 1148 2418 τὴν
1159 2346 1292 2419 τοιαύτην,
1308 2345 1376 2405 ἀλλὰ
1386 2346 1547 2418 λύεσθαιτλν
1556 2347 1694 2418 πολιτικὴν
1703 2373 1798 2408 κοινω-

204 2433 343 2509 μένειντλν
352 2437 493 2496 πολιτείαν·
501 2439 610 2496 ίνταῦθα
619 2439 641 2495 δ’
652 2439 699 2495 ούκ
708 2435 734 2504 ἐξ
742 2435 863 2494 ἁπάντων
874 2438 977 2515 αἱροῦν-
1021 2434 1096 2507 νίαν;
1118 2432 1198 2494 Ἔστι
1217 2435 1240 2491 δ’
1259 2433 1417 2499 ἐπικίνδυνος
1436 2431 1516 2500 ούτως
1537 2433 1635 2511 ἔχουσα
1653 2437 1731 2501 πόλις
1748 2441 1798 2494 τῶν

203 2523 509 2600 ταιτούςκόσμους,άλλ’
520 2527 550 2582 ἐκ
559 2525 729 2601 τινῶνγενῶν,
742 2520 787 2581 καί
795 2520 979 2600 τούςγέροντας
1030 2520 1191 2599 βουλομένων
1201 2521 1360 2579 ἐπιτίθεσθαι
1369 2521 1413 2578 καί
1422 2520 1579 2596 δυναμένων·
1589 2520 1667 2588 ἀλλὰ,
1680 2525 1799 2598 καθάπερ

205 2687 332 2744 autoribus
345 2691 468 2739 etoasmis
482 2689 671 2750 decretaesunt,
686 2687 799 2749 suffragio
817 2685 976 2749 comprobaa·
1022 2698 1126 2748 eumque
1138 2699 1187 2735 uon
1198 2700 1230 2736 ex
1238 2687 1377 2749 prescripto
1388 2686 1450 2746 juris
1464 2686 1547 2748 scripti
1558 2687 1799 2748 imperare,sedsuo
1889 2694 1890 2729 ἲ

203 2765 298 2816 darum.
308 2765 505 2826 Jamveroquod
516 2764 665 2813 admaviuia
673 2763 879 2827 publicantium,
890 2763 978 2811 malim
1022 2763 1120 2813 arbitrio
1133 2763 1565 2826 magistratumgcere,pericolosum
1576 2766 1620 2813 esi.
1631 2765 1705 2821 Quod
1716 2770 1798 2815 autem
1847 2789 1850 2794 ·

204 2842 246 2890 illa
260 2841 369 2890 instituta
387 2842 443 2889 aunt
460 2838 525 2901 apud
540 2841 678 2902 cretenses,
696 2852 769 2902 quam
787 2838 850 2901 apud
863 2841 977 2888 Lamnas.
1021 2842 1797 2907 quieceitpopulosetiamaibajusmagistratusnoositpartieeps,

203 2916 376 2967 Lacedoemoue
384 2916 447 2965 enim
455 2916 547 2964 conteri
555 2917 655 2978 quisque
666 2930 709 2978 per
717 2915 795 2978 capita
815 2913 978 2976 idquodprc·
1021 2919 1115 2968 nullom
1130 2922 1167 2967 est
1182 2921 1350 2980 argumentum
1369 2918 1506 2980 reipublicae
1517 2920 1578 2967 bene
1590 2918 1718 2968 ordinatae.
1737 2923 1798 2970 Nan

204 2994 299 3044 ilatum
307 3007 336 3042 ao
347 2993 512 3055 praescriptum
523 2993 560 3042 est
571 3012 576 3041 :
586 2992 654 3054 quod
661 2994 735 3043 sinon
747 2992 837 3052 iecerit,
849 3004 890 3053 per
901 2991 978 3054 legem
1021 3007 1100 3056 noque
1108 2995 1158 3044 ulla
1169 2993 1269 3054 connis,
1280 2996 1308 3042 ut
1315 2994 1425 3055 epboris,
1435 2998 1543 3055 quecun
1554 2995 1656 3043 ucinrdi
1674 3008 1709 3044 ea
1719 2997 1798 3058 magi-

204 3069 342 3132 reipublicae
357 3081 407 3118 esse
423 3069 543 3131 particeps
560 3082 608 3117 uou
629 3071 721 3130 potest,
734 3066 936 3130 quemadmodum
953 3068 978 3116 et
1021 3072 1099 3121 stratu
1112 3070 1214 3120 lacolias
1226 3069 1307 3131 datar,
1321 3070 1402 3131 utqui
1424 3071 1450 3118 ia
1462 3070 1541 3119 insula
1552 3070 1621 3132 longe
1633 3071 1713 3121 absint
1724 3073 1758 3121 ab
1770 3073 1804 3137 iia¹

205 3149 263 3196 ante
271 3146 364 3194 ilicium
379 3147 425 3195 est.
436 3149 561 3196 cretmaes
571 3159 629 3195 vero
640 3144 804 3206 communias,
816 3143 841 3193 id
854 3146 890 3194 est
903 3157 978 3206 popu·
1021 3146 1063 3208 qui
1074 3147 1209 3208 cormpluri
1218 3146 1274 3194 sint
1283 3149 1362 3203 Qaaru
1374 3147 1455 3194 autem
1469 3145 1584 3194 adbiberi
1592 3145 1622 3193 ad
1631 3145 1678 3195 boe
1688 3150 1798 3197 erratum
1889 3154 1890 3157 ’

204 3224 285 3273 larius.
299 3225 360 3273 tiam
371 3235 401 3272 ex
409 3223 520 3272 omnibus
530 3223 645 3272 imctibue
657 3225 683 3273 et
693 3222 818 3285 pecoribus
826 3221 901 3282 naba,
911 3224 935 3271 ct
946 3235 977 3271 er
1020 3223 1186 3285 corrigendum
1196 3236 1226 3272 ae
1233 3221 1365 3272 mandam
1374 3222 1531 3285 medicinam,
1543 3237 1620 3284 quarn
1630 3223 1736 3273 aberrrda
1752 3227 1797 3288 sii,

204 3299 359 3360 vectigalibus
369 3299 507 3360 reipublicae
516 3299 662 3359 attributis,
672 3311 727 3362 qaue
736 3297 833 3361 μετίωσι
842 3297 976 3360 pensitant,
1021 3304 1074 3350 tam
1084 3314 1116 3350 ne
1132 3300 1210 3350 cludis
1221 3299 1320 3364 quidem
1331 3303 1381 3362 est,
1389 3301 1431 3351 sod
1442 3301 1557 3364 potentie
1568 3301 1639 3350 onius
1646 3304 1690 3351 aut
1705 3315 1796 3364 pauco·

205 3389 261 3439 pars
271 3379 336 3426 certa
344 3377 463 3439 praeliuita
472 3379 509 3426 est
520 3376 549 3426 ad
559 3390 596 3426 res
604 3377 697 3426 divinas
710 3375 827 3426 iaciendas
834 3377 859 3424 et
868 3375 977 3437 publico·
1021 3389 1076 3424 rma
1084 3381 1251 3426 mnaentauea
1273 3377 1308 3438 (7)
1322 3379 1490 3438 munnere
1503 3378 1568 3426 euim
1581 3379 1691 3427 nonnulli
1702 3381 1747 3428 aut
1760 3393 1791 3429 cu

205 3467 260 3502 nrm
270 3467 397 3502 muncrum
413 3453 646 3512 iunctiones3altera
655 3453 684 3502 ad
695 3451 807 3502 convivia
820 3452 977 3513 publica,ita
1021 3452 1118 3515 collegis
1134 3453 1287 3516 autpriratia
1300 3453 1403 3502 coitione
1416 3455 1480 3502 iacta
1500 3454 1798 3514 commendantem
1889 3514 1890 3517 γ

206 3533 235 3580 ut
247 3529 278 3579 de
287 3529 383 3591 publico
398 3541 482 3578 omues
496 3531 520 3578 et
533 3528 644 3578 mulieres
657 3531 681 3578 et
695 3527 763 3590 paeri
773 3531 797 3576 et
812 3527 858 3576 uiri
871 3529 973 3578 alantur.
1021 3529 1094 3577 edam
1106 3529 1136 3578 iis
1150 3531 1208 3579 ante
1220 3531 1315 3591 ternpus
1330 3529 1442 3579 abdicare
1454 3541 1481 3579 ac
1495 3523 1641 3592 macuto.
1654 3533 1714 3580 ilrec
1726 3533 1798 3593 igitur

206 3608 239 3668 (5)
249 3610 304 3657 Jaru
316 3620 373 3656 uero
384 3607 499 3656 adulatus
508 3606 676 3668 parsimoniam
684 3606 778 3668 cibique
789 3607 941 3669 paudbtem,
949 3610 977 3656 ut
1020 3607 1102 3654 omnia
1111 3608 1211 3668 prestat
1218 3606 1270 3656 lieri
1280 3620 1312 3655 ex
1322 3607 1390 3668 lege,
1400 3619 1472 3669 quara
1481 3619 1514 3655 ex
1521 3607 1645 3656 bomimur
1654 3609 1795 3658 uoluntate:

205 3699 255 3734 reto
274 3686 369 3746 utilem,
386 3687 411 3734 et
425 3685 456 3734 ad
472 3685 615 3734 teminorum
635 3683 821 3745 disiunctionem
831 3721 838 3746 ‚
859 3698 891 3733 ne
905 3685 977 3733 nimis
1020 3695 1069 3730 nou
1080 3684 1116 3731 eat
1124 3683 1188 3731 euim
1199 3685 1253 3731 oria
1260 3682 1313 3732 berc
1323 3683 1410 3743 regula
1421 3686 1537 3732 omnium
1544 3687 1624 3732 autern
1634 3685 1796 3734 remediorum

204 3763 293 3811 mattos
305 3761 366 3811 tilios
374 3761 480 3824 pariant,
491 3761 651 3810 masculorum
660 3760 831 3810 mnsraatudine
839 3761 977 3829 introducta
1019 3758 1149 3820 peoeimuru
1157 3760 1194 3808 est
1203 3759 1354 3819 magistratus
1361 3757 1433 3819 bajus
1440 3759 1579 3821 amplissimi
1588 3761 1711 3820 vacuitas,
1724 3775 1797 3824 quarn

205 3839 302 3900 (recte,
314 3851 346 3887 an
359 3849 441 3896 mous,
459 3836 520 3885 alius
533 3836 580 3886 erit
590 3836 726 3899 disputandi
736 3836 834 3899 locus‚)
844 3837 921 3886 millia
936 3849 974 3886 sa·
1020 3845 1184 3896 sepenumero
1197 3837 1307 3896 potentes
1318 3833 1436 3896 induunt,
1447 3847 1525 3897 quum
1534 3835 1653 3896 iudieim
1663 3837 1748 3887 urbice
1755 3842 1797 3888 aut

203 3915 329 3977 pienteret
344 3915 413 3962 acute
427 3913 571 3975 excogitavit
587 3913 649 3962 lator
664 3913 729 3975 legis.
762 3912 833 3970 Quod
850 3913 921 3975 igitur
938 3913 976 3976 at·
1021 3902 1798 3979 prenaadarenolunt.(Allirqaamsacpenameroiadunwoum
1889 3958 1890 3961 ,

202 3992 263 4039 tinet
282 3991 313 4038 ad
324 3989 434 4038 martula
445 3989 553 4051 publiea,
565 3990 651 4039 melias
667 4003 695 4039 ea
712 4001 762 4039 esse
773 3988 890 4051 descripta
904 3989 977 4050 atque
1021 3989 1148 4049 potentum
1157 3987 1249 4049 judicie
1261 3988 1341 4038 subire
1354 3989 1465 4051 uolunt)
1476 3993 1512 4038 lla
1523 4003 1573 4051 quo
1584 3990 1717 4053 intelligere
1726 3993 1797 4055 licet,

202 4064 312 4114 ordinm
334 4063 397 4126 apud
420 4066 567 4125 cretenses,
589 4077 662 4127 quam
685 4065 748 4126 apud
770 4063 976 4126 moedaemonus,
1021 4063 1048 4112 ia
1065 4064 1111 4113 bac
1122 4065 1260 4126 reipublicae
1270 4065 1464 4116 remunerandae
1471 4066 1629 4129 descriptione
1644 4069 1737 4131 aliquid
1747 4084 1797 4120 esse

203 4141 354 4202 perspicuum
372 4143 417 4190 est.
432 4141 480 4190 Sed
495 4153 551 4203 quae
568 4141 599 4190 ad
614 4155 707 4192 cosrnos
723 4143 844 4203 speciant,
860 4154 888 4190 ea
904 4141 976 4190 etiam
1020 4140 1121 4200 politiae,
1129 4153 1264 4203 quanquam
1277 4141 1329 4190 baec
1340 4155 1389 4191 nou
1398 4148 1435 4192 est
1446 4143 1542 4205 politia,
1556 4144 1597 4194 sed
1609 4145 1689 4206 potius
1701 4159 1794 4208 pauco-

202 4216 307 4265 deterios
322 4215 424 4276 liabent,
435 4227 508 4277 quam
524 4217 669 4278 ephororum
684 4217 812 4266 institutio.
830 4219 890 4266 Nam
910 4216 976 4278 quod
1020 4229 1074 4264 rum
1084 4218 1222 4277 potentatus
1234 4219 1277 4266 aut
1286 4217 1403 4280 dynastia.
1420 4220 1603 4269 Consueverunt
1611 4222 1695 4270 autern
1706 4224 1796 4285 populo

204 4289 261 4340 roali
277 4292 313 4341 est
323 4291 348 4338 in
361 4293 506 4354 ephororum
524 4292 624 4354 imperio
633 4330 640 4353 ,
650 4293 697 4342 boc
713 4295 749 4342 cat
764 4293 837 4341 etiam
851 4292 876 4341 in
889 4293 976 4341 horum
1021 4293 1044 4341 in
1054 4295 1255 4356 partesdistracto
1264 4298 1426 4358 etaasuarptis
1436 4298 1519 4346 amicis
1528 4298 1574 4346 sub
1583 4297 1655 4348 anius
1668 4300 1796 4362 imperium

203 4369 321 4431 potestate
331 4387 338 4416 ι
348 4372 459 4419 creantur
466 4370 531 4418 eninr
539 4370 647 4419 homines
653 4371 714 4418 toric
723 4369 795 4419 oblati
805 4390 811 4419 ι
822 4369 887 4432 quod
895 4373 976 4421 autem
1020 4374 1096 4420 totam
1106 4371 1276 4434 rempublicam
1285 4373 1442 4436 solliuogere,
1453 4375 1479 4423 et
1486 4375 1626 4425 seditionem
1635 4378 1756 4438 excitare,
1771 4382 1795 4427 et

205 4445 255 4495 illic
263 4445 293 4492 ad
303 4444 438 4506 reipublice
450 4447 540 4494 statum
555 4446 614 4494 utile
629 4447 679 4507 est,
689 4447 729 4493 bic
739 4459 786 4494 nou
796 4449 840 4495 est.
854 4446 903 4495 illic
912 4448 976 4496 enim
1022 4449 1084 4497 inter
1098 4461 1124 4497 se
1134 4447 1257 4510 digladiari
1270 4461 1300 4497 ac
1312 4448 1443 4498 decertare.
1460 4451 1493 4511 (a)
1503 4452 1534 4501 At
1544 4450 1602 4512 quid
1613 4452 1661 4501 boc
1669 4452 1798 4504 aliudesse

205 4523 346 4585 propterea,
357 4521 422 4583 quod
432 4522 517 4571 electio
527 4521 554 4572 ut
569 4536 600 4572 ex
612 4523 736 4584 omuibus,
748 4523 864 4584 populus,
877 4525 919 4586 qai
929 4525 976 4572 iur-
1022 4525 1102 4587 dieas,
1116 4525 1162 4574 uisi
1176 4538 1220 4586 per
1232 4525 1330 4587 aliquod
1342 4528 1570 4588 ternpus'civiiatem
1587 4528 1657 4590 plane
1672 4529 1760 4578 tollere
1772 4533 1797 4578 st

202 4597 369 4660 periimaaimi
385 4597 412 4646 iit
424 4598 543 4659 particeps
548 4633 556 4658 ,
573 4597 745 4659 rempublicam
761 4611 859 4649 manere
874 4601 974 4651 studet:
1020 4601 1116 4650 ciuilem
1135 4602 1273 4650 societatem
1291 4601 1435 4651 dissolvere?
1457 4605 1502 4651 list
1519 4606 1601 4651 autem
1618 4605 1672 4652 tuni
1688 4606 1795 4666 periculo

202 4676 243 4724 lile
257 4675 339 4722 auum
348 4685 397 4722 non
412 4686 443 4721 eu
460 4672 572 4722 omnibus
581 4673 701 4736 eliguntur
714 4674 805 4735 cosmi,
821 4675 862 4725 sed
879 4689 910 4724 cx
919 4678 974 4738 qui·
1019 4680 1130 4743 proxima
1140 4679 1174 4728 sic
1183 4680 1270 4729 affecta
1279 4680 1375 4741 ciuitas,
1389 4693 1466 4742 quum
1478 4681 1520 4742 qui
1529 4681 1614 4730 rolant
1621 4681 1647 4729 iu
1658 4681 1795 4743 reipublice

203 4749 304 4800 busdam
317 4749 442 4812 generibus
454 4769 460 4798 ε
471 4751 591 4799 senatores
600 4751 682 4799 autem
693 4764 724 4799 ex
733 4751 773 4812 iis,
787 4753 829 4814 qui
838 4765 975 4803 cosmorum
1019 4760 1110 4807 statum
1123 4757 1249 4819 invadere,
1260 4758 1277 4806 ii
1291 4760 1363 4808 etiam
1379 4760 1487 4820 possunt.
1506 4759 1567 4818 Sed,
1586 4759 1792 4820 quemadmodum

203 4840 304 4878 munere
310 4827 387 4877 iuncti
395 4828 460 4877 sunt.
469 4827 503 4888 qe)
514 4830 550 4876 De
556 4827 644 4889 quibus
652 4827 735 4878 mdem
746 4829 883 4890 quisdlcere
892 4832 974 4892 possit,
1020 4835 1112 4884 dictum
1122 4835 1172 4894 est,
1182 4836 1268 4884 natura
1277 4834 1325 4884 loci
1338 4848 1390 4884 eam
1401 4836 1482 4884 tuctu
1495 4839 1521 4884 ei
1528 4839 1608 4886 servat
1617 4854 1624 4883 ι
1634 4836 1721 4886 insrdae
1730 4837 1793 4886 enlm

204 4917 233 4954 ac
254 4903 285 4954 de
295 4905 324 4953 ils
341 4903 383 4966 qud
396 4903 568 4953 Lacedaemone
582 4906 700 4954 creantur.
731 4907 791 4955 llarn
803 4907 923 4956 rationum
937 4921 975 4957 re·
1021 4911 1180 4974 longinquitas
1201 4912 1337 4974 peregrinos
1364 4911 1450 4961 melius
1471 4913 1538 4960 arcet
1569 4924 1644 4973 quam
1662 4912 1704 4962 lex
1729 4915 1792 4975 apud

204 4983 354 5033 terendorum
369 4980 459 5043 iudicio
470 4994 518 5030 nou
531 4983 620 5043 teneri,
632 4985 656 5031 ei
666 4995 708 5044 per
716 4985 792 5032 totam
803 4985 878 5033 vitam
891 4999 972 5047 gerere
1019 4989 1219 5039 Lacedaemonios.
1231 4993 1316 5052 ltaque
1327 4990 1422 5052 perioeci
1431 4990 1561 5038 manentia
1572 4989 1652 5039 allido
1660 4991 1724 5052 apud
1734 4996 1792 5042 cre-

202 5063 375 5123 magistratum,
384 5061 461 5122 maior
470 5063 505 5110 est
514 5060 603 5123 bonos,
612 5073 686 5125 quarn
694 5075 738 5124 pro
747 5075 831 5113 eorum
842 5063 956 5126 ‹ligaritaia
967 5081 974 5124 ;
1018 5068 1056 5115 tas
1066 5085 1072 5115 ι
1082 5066 1178 5115 ilelotes
1187 5079 1244 5116 uero
1253 5079 1439 5128 saemuomeroa
1450 5066 1636 5117 Lacedaemoniis
1651 5065 1788 5118 desciscunt
