3834 5767
202 378 260 428 atto
774 358 1013 422 nantelmus
1028 355 1226 417 -rotirtcus

201 498 308 553 Politiis
322 497 455 552 metuenti
469 493 583 565 alicujus
597 503 692 559 erant,
706 509 763 545 non
777 500 905 564 poterant
920 501 978 543 non
1023 497 1139 540 textum.
1172 487 1212 540 Ex
1235 483 1442 539 Schneidewini
1466 481 1582 554 quidem
1607 482 1746 535 sententia
1763 498 1794 535 ea

201 584 335 657 componi
349 579 395 656 (Ἶ.
411 583 491 636 Νοοο
503 597 570 634 vero
583 588 712 651 excerpta
728 587 823 631 nostra
839 577 907 630 nihil
926 577 978 630 nisi
1023 575 1118 627 omnia
1131 590 1194 644 quae
1207 574 1236 624 in
1252 570 1337 625 rodd.
1351 573 1378 624 A
1394 571 1421 623 B
1438 570 1617 642 Cleguntur,
1633 569 1662 621 iu
1681 568 1796 639 reliquis

202 671 366 744 indigestam
388 667 555 740 farraginem
578 664 714 737 praebent.
741 663 780 718 Ut
802 679 890 736 pauca
913 671 977 716 tan-
1022 669 1115 713 autem
1132 657 1278 713 codicibus
1294 654 1501 724 desiderantur,
1522 673 1539 709 a
1558 655 1682 708 librariis
1693 654 1796 708 borum
1897 656 1898 681 ³

201 775 280 830 gam,
294 755 363 827 quid
380 753 500 808 Thraces
510 751 563 806 sibi
576 751 677 804 volunt
688 751 760 804 inter
773 747 937 803 Tarentinos
950 757 979 801 et
1023 746 1123 799 omissa
1132 755 1205 798 sunt.
1219 742 1304 813 Quod
1313 741 1388 796 utde
1401 742 1543 813 corruptis
1551 739 1798 812 quibusdamlocis

201 841 325 896 Locros?
346 859 396 895 cur
415 840 499 893 Locri
519 855 534 892 a
554 835 722 892 Crotoniatis
741 844 905 907 separantur
914 835 979 886 Ῥο·
1022 830 1207 902 probabiliter
1215 830 1297 883 statui
1305 838 1406 900 potest,
1421 827 1796 898 sicdeceterisparumreri·
1897 890 1898 893 Ἴ

202 927 266 981 litiis
275 927 490 998 Cephallenum,
503 923 698 989 Rhodiorum,
710 921 894 994 Ephesiorum
906 917 979 973 etc?
1021 918 1111 972 simile
1121 926 1172 970 est.
1187 917 1248 969 lmo
1269 914 1380 970 codices
1393 933 1413 968 a
1430 915 1476 969 be
1494 924 1549 969 etc.
1564 931 1599 968 ex
1614 912 1695 966 fonte
1706 909 1797 966 fluxe-

200 1023 319 1067 curtam
329 1014 400 1065 mire
415 1007 917 1080 disjiciunturPolitiaelthaeensium,
930 1005 977 1059 Ce-
1022 1005 1093 1071 rint,
1121 1003 1171 1075 qui
1192 1003 1329 1057 nonnulla
1352 1019 1452 1056 eorum
1474 1019 1537 1074 φιτ
1557 999 1616 1070 jam
1633 1001 1666 1054 in
1686 1004 1716 1054 A
1734 1001 1761 1053 B
1778 1000 1800 1053 C

199 1099 376 1172 phallenum,
399 1094 604 1152 Molossorum?
630 1109 681 1148 mr
699 1093 802 1148 Graecis
823 1093 976 1146 miscentur
1022 1097 1146 1156 exstant,
1158 1089 1287 1143 nondum
1299 1090 1387 1142 norit.
1399 1089 1444 1143 Sic
1464 1105 1524 1142 nou
1534 1089 1646 1141 noverit
1660 1089 1798 1158 quaeAC

200 1185 315 1240 liarbari
328 1183 482 1256 Tyrrheni,
497 1181 637 1252 Phasiani,
651 1177 977 1246 Athamanes,Thracesi
1024 1175 1068 1248 (in
1090 1175 1189 1249 fragm.
1209 1194 1240 1230 ιι
1263 1174 1354 1248 extr.)
1378 1174 1415 1229 de
1435 1174 1564 1229 Phidoue
1577 1183 1607 1227 et
1628 1173 1797 1226 Prometheo

198 1274 300 1327 Nonne
322 1279 429 1325 veteres
446 1277 581 1323 testantur
599 1267 777 1321 Aristotelem
797 1281 920 1319 seorsum
941 1261 978 1317 de
1022 1263 1170 1329 exhibent,
1183 1279 1246 1334 quar
1257 1280 1326 1316 uum
1339 1262 1404 1315 loco
1416 1279 1468 1315 sito
1477 1262 1569 1333 posita
1581 1261 1637 1314 sint
1650 1271 1680 1313 et
1692 1259 1733 1314 ad
1745 1260 1796 1313 Cu·

199 1357 244 1412 his
263 1358 421 1431 exposuisse
435 1357 466 1408 iu
486 1350 615 1434 Νομίμοις
635 1347 819 1426 βαρὸορικοῖςΡ
841 1354 885 1405 Au
903 1347 977 1403 forte
1022 1366 1156 1403 meorum
1168 1367 1258 1422 remp.
1273 1349 1451 1421 pertineant,
1463 1364 1499 1398 an
1511 1344 1624 1400 aliunde
1637 1346 1696 1399 huc
1707 1344 1799 1399 delata

200 1463 263 1498 eum
285 1442 501 1498 Schneidewino
514 1451 645 1513 putemus
663 1435 748 1490 fidem
767 1435 881 1489 illorum
895 1434 973 1489 testi·
1021 1435 1090 1502 siut,
1102 1435 1167 1505 jure
1177 1434 1333 1490 dubitatur.
1347 1435 1438 1488 Porro
1449 1433 1655 1504 hucpertinere
1666 1431 1800 1486 ridentm

199 1529 364 1583 moniorum
377 1529 523 1598 Excerptis
536 1525 639 1580 nostris
651 1523 811 1578 labefactari
829 1532 856 1576 et
870 1521 977 1576 everti?
1022 1537 1085 1592 quae
1093 1521 1129 1576 ad
1139 1520 1224 1576 linem
1235 1524 1306 1594 reip.
1318 1520 1506 1591 Rhegiaorum
1517 1518 1567 1590 lt'r.
1579 1516 1615 1572 25
1624 1517 1633 1590 l
1643 1520 1674 1571 in
1687 1517 1800 1572 duobus

200 1613 436 1669 Haudtucredes.
448 1610 505 1666 Sed
516 1611 559 1666 fac
569 1610 756 1664 barbarorum
767 1605 877 1680 Νόμιμο
887 1609 975 1662 mixta
1021 1617 1130 1660 tantum
1143 1607 1230 1662 codd.
1247 1609 1379 1682 leguntur
1399 1625 1407 1659 z
1430 1603 1577 1678 Ἐγένοντο.
1594 1593 1685 1660 Ἦσαν
1706 1599 1739 1660 δὲ
1757 1601 1799 1659 xri
1897 1602 1898 1669 l

198 1711 228 1754 et
237 1701 399 1773 interposita
412 1698 519 1752 Politiis
529 1696 628 1750 luisse:
645 1713 739 1750 nonne
752 1695 796 1748 vel
810 1695 848 1749 sic
862 1695 891 1748 in
904 1695 977 1748 serie
1023 1689 1098 1748 ἄλλοι
1115 1692 1306 1752 δοναοτιοτικοὶ
1317 1689 1390 1771 παρὰ
1400 1691 1454 1755 τοῖς
1467 1688 1608 1766 Ῥηγίνοις.
1622 1693 1692 1762 Quae
1706 1693 1800 1747 nescio
1897 1730 1898 1755 2

199 1775 419 1858 fragmentorum
440 1783 513 1838 ordo
534 1781 651 1855 quidam
669 1791 696 1838 et
715 1791 790 1836 certa
810 1783 882 1836 ratio
903 1779 977 1836 desi·
1021 1779 1143 1835 arriorte
1162 1783 1200 1836 ita
1220 1780 1385 1854 explicanda
1393 1781 1463 1847 sint,
1480 1789 1514 1833 ut
1533 1780 1580 1832 illa
1590 1766 1682 1834 Ἦσαν
1698 1774 1729 1833 di
1742 1778 1798 1834 κτλ.
1897 1804 1898 1815 ¹

198 1870 333 1926 deratur?
1007 1868 1134 1931 ,serioris
1153 1868 1275 1921 hominis
1290 1865 1514 1920 additamentum
1536 1864 1657 1930 fuerint3
1678 1863 1801 1918 verbnm

172 1981 176 1988 ·
240 1957 332 2029 Igitur
351 1973 439 2028 quum
456 1955 540 2020 series
553 1953 773 2026 fragmentorum
792 1947 906 2024 antiqua
920 1969 977 2007 esse
1023 1949 1161 2026 Ἐγένοντο
1172 1963 1266 2008 autent
1278 1954 1419 2025 pertineat
1429 1951 1465 2006 ad
1477 1952 1588 2006 initium
1598 1951 1673 2022 reip.
1687 1945 1812 2005 Iacto-⁶
1897 1956 1898 2015 ἶ

199 2053 333 2114 nequeat,
348 2059 440 2112 neque
457 2041 517 2096 ullo
533 2039 621 2094 modo
634 2039 784 2112 probabile
796 2040 832 2093 sit
846 2039 977 2093 exstitisse
1022 2058 1085 2094 rum
1091 2059 1171 2114 ,que
1180 2042 1279 2114 incipit
1287 2035 1505 2114 verbis’llyirsso
1512 2033 1687 2114 hospie,pro
1696 2039 1801 2110 quibus
1897 2032 1898 2047 ¹

199 2145 324 2200 unquam
346 2128 500 2182 Aristotelii
521 2127 614 2199 operis
635 2126 787 2199 exemplar,
811 2127 842 2178 in
864 2143 923 2197 quo
937 2125 977 2179 sie
1021 2128 1096 2182 salva
1108 2130 1244 2182 sententia
1257 2129 1312 2201 legi
1325 2126 1409 2181 οιὶιοι
1427 2136 1520 2198 potest
1533 2143 1540 2178 τ
1554 2121 1671 2198 ἐγένοντο
1687 2123 1799 2201 Λοκροί.
1897 2136 1898 2197 l

199 2215 293 2268 omnia
305 2229 407 2285 susque
428 2211 521 2285 deque
541 2213 628 2265 mixta
642 2211 748 2266 fuerint
763 2228 769 2264 ι
786 2220 885 2282 sponte
900 2210 978 2264 venit
1021 2214 1066 2270 Sic
1085 2223 1150 2286 apte
1171 2215 1277 2268 Politia
1294 2214 1404 2266 olimse
1426 2212 1607 2284 excepissent.
1622 2212 1708 2266 Nunc
1723 2214 1800 2267 inter
1897 2276 1898 2279 Ἴ

198 2301 319 2372 suspicio
334 2300 431 2356 turbas
452 2301 514 2354 istas
531 2299 827 2371 esseeclogariornm,
847 2297 976 2368 quilla·
1021 2300 1126 2356 Locros
1139 2311 1168 2354 et
1178 2299 1321 2373 Rheginos
1332 2296 1540 2369 interjiciuntur
1549 2297 1800 2364 hlinoi,Thraees,
1897 2294 1898 2355 ξ

198 2385 387 2442 raclideorum
396 2386 616 2459 fragmentorum
626 2383 715 2440 fundo
724 2383 977 2438 Aristoteliamulta
1021 2389 1159 2462 Corcyraei
1171 2385 1239 2460 (inu
1248 2387 1354 2462 codd),
1362 2385 1513 2442 Tarentini.
1525 2384 1669 2438 Tarentini
1681 2385 1801 2455 quidem
1897 2374 1898 2403 ¹

200 2481 304 2526 temere
330 2472 539 2529 admiscuerint.
570 2469 628 2526 Nec
663 2469 764 2524 desunt
787 2469 902 2524 indicia.
930 2469 976 2523 Sic
1022 2475 1085 2528 loco
1097 2494 1156 2530 non
1168 2476 1266 2547 inepto
1275 2483 1432 2546 ponuntur,
1446 2469 1617 2544 sedquaede
1628 2471 1663 2524 iis
1672 2470 1803 2526 afferun-

199 2557 250 2633 (st.
263 2557 314 2634 ao)
324 2558 480 2614 Locrorum
488 2557 593 2630 politiae
602 2556 696 2627 inepte
703 2553 890 2624 subjiciuntur
899 2554 977 2608 Chal·
1022 2571 1077 2629 tm,
1090 2562 1183 2617 lacem
1197 2577 1250 2614 mo
1267 2560 1365 2614 habitu
1377 2558 1515 2613 simillima
1526 2567 1590 2612 sunt
1602 2557 1710 2610 nomlae
1723 2575 1801 2613 mar-
1897 2550 1898 2581 l

199 2641 332 2701 cidenses.
343 2645 483 2699 Nimirum
497 2643 527 2696 in
536 2641 572 2697 fr.
588 2659 624 2694 ao
639 2650 710 2696 extr.
723 2657 814 2693 sermo
825 2649 865 2692 est
874 2638 909 2693 de
919 2641 977 2693 Lo-
1021 2648 1121 2719 ginali,
1143 2667 1205 2721 qum
1219 2648 1249 2701 jn
1262 2655 1425 2701 mmmmm
1437 2643 1592 2698 verborum
1613 2643 1742 2714 irrepsit,
1765 2677 1800 2686 -

198 2749 248 2785 cro
259 2731 383 2803 quodam
394 2748 478 2802 quem
488 2729 667 2782 mustelarum
675 2743 784 2781 mortus
795 2724 832 2778 ad
843 2725 976 2780 insaniam
1021 2735 1128 2788 Locros
1141 2735 1270 2808 excipfle
1281 2732 1422 2787 debebant
1430 2730 1598 2785 Crotoniatae
1610 2728 1663 2800 (fr.
1677 2728 1735 2804 36)
1745 2770 1754 2797 ,
1766 2729 1802 2784 de

198 2827 375 2889 mortemque
396 2815 548 2870 violentam
562 2812 717 2891 adegerint.
749 2813 799 2865 llis
822 2811 976 2866 homuncio
1022 2819 1124 2890 quibm
1144 2820 1215 2873 mliii
1227 2819 1281 2873 nisi
1300 2817 1423 2872 nominis
1438 2817 1520 2889 origo
1537 2815 1681 2888 proditur.
1694 2817 1802 2888 Aptum
1897 2852 1898 2857 =

198 2905 294 2958 hoster
304 2903 421 2957 similem
435 2901 579 2956 historiam
588 2899 716 2971 appinxit
727 2896 764 2952 de
773 2897 916 2965 muribus,
927 2901 977 2970 qni
1021 2904 1097 2960 lmim
1117 2907 1212 2961 locum
1231 2905 1333 2959 sciolus
1350 2904 1473 2976 putarit,
1494 2921 1554 2974 φιο
1568 2903 1622 2956 alia
1638 2903 1746 2958 similia
1767 2903 1803 2958 de
1897 2910 1898 2929 ³

198 2988 391 3044 Chalcidenses
402 2987 473 3043 adeo
487 2996 641 3058 vexarunt,
658 2995 690 3040 ut
701 2985 821 3058 patriam
834 2985 977 3057 relinque-
1021 2993 1130 3065 origine
1143 2993 1265 3046 nominis
1284 2990 1487 3063 Ephesiorum,
1509 2989 1692 3043 Phoeaeorum
1714 3000 1748 3044 et
1767 2989 1802 3045 de
1897 3004 1898 3047 l

198 3087 271 3130 rent.
285 3077 327 3130 Ne
340 3093 409 3130 vero
424 3086 553 3148 putemus
565 3073 740 3127 historiolam
751 3089 810 3126 non
824 3089 858 3128 ex
876 3073 976 3127 Politia
1020 3077 1117 3134 Rhodi
1130 3080 1246 3133 nomine
1259 3078 1378 3150 antiquo
1396 3077 1570 3149 appingeret.
1582 3075 1693 3146 Quibus
1705 3077 1804 3132 elimi-
1897 3058 1898 3149 (

199 3162 306 3234 aliqua,
319 3159 369 3215 sed
380 3178 416 3216 ex
427 3161 482 3214 alio
500 3161 599 3233 quovis
612 3159 749 3232 scriptore
764 3168 882 3212 ossuum
902 3175 974 3228 esse,
1021 3165 1106 3232 natis,
1126 3165 1164 3218 ab
1175 3165 1291 3219 historia
1309 3163 1346 3218 de
1359 3161 1514 3217 Phalaridis
1534 3161 1660 3232 nequitia
1679 3170 1709 3215 et
1732 3181 1803 3217 nece
1897 3166 1899 3237 l

198 3247 270 3302 illud
285 3247 392 3315 obstat,
411 3246 491 3319 quod
508 3244 586 3302 aliud
603 3245 640 3301 dc
654 3263 734 3300 more
749 3245 873 3317 quodam
891 3245 976 3300 Chal·
1019 3252 1150 3322 prorime
1163 3251 1264 3306 absum
1279 3251 1389 3325 gemina
1402 3249 1450 3304 illa
1470 3266 1533 3320 quar
1547 3246 1583 3302 de
1594 3247 1803 3319 Cephallenum
1897 3246 1898 3321 (

199 3332 353 3387 'cidensium
364 3332 489 3388 additur.
511 3364 547 3375 -
570 3331 816 3404 Quemadmodum
828 3333 934 3385 Locros
948 3341 976 3385 et
1021 3348 1140 3409 tyranno
1150 3337 1265 3410 ejusque
1279 3355 1363 3410 poena
1373 3333 1531 3390 mduntnr.
1542 3334 1803 3390 llaeebistoriarum
1897 3326 1898 3369 i

198 3419 391 3475 Chalcidenses
400 3419 473 3474 futili
491 3417 527 3474 de
541 3437 622 3474 cansa
634 3417 767 3492 conjungi
778 3417 919 3483 ridemus,
936 3419 975 3472 sic
1020 3425 1174 3480 similitudo
1187 3426 1217 3479 in
1231 3442 1312 3478 musa
1325 3423 1395 3489 luit,
1408 3433 1442 3476 ut
1452 3421 1650 3494 Cephallenum
1662 3439 1741 3494 resp.
1755 3440 1804 3478 se-
1897 3404 1898 3453 l

198 3507 383 3561 Molossorum
397 3505 446 3580 (ιό.
465 3501 513 3581 17)
528 3517 557 3561 et
569 3505 767 3578 Cephallenum
784 3501 833 3577 (fr.
851 3503 903 3578 38)
917 3507 974 3559 Po·
1016 3510 1182 3586 jungeretur
1198 3512 1411 3566 ahlolossorum
1428 3508 1543 3580 Politia,
1557 3507 1603 3560 cui
1613 3504 1715 3576 juncta
1728 3509 1799 3562 olim

197 3591 282 3660 litias,
296 3611 358 3665 quae
369 3611 444 3646 nune
455 3592 540 3666 longe
550 3602 724 3665 separantur,
740 3591 770 3644 in
784 3591 973 3662 lonte,quem
1019 3597 1120 3653 morat,
1148 3597 1294 3670 Ejusmodi
1316 3595 1510 3651 similitudines
1535 3593 1619 3647 etiam
1643 3593 1707 3646 aliis
1731 3594 1804 3648 locis
1897 3600 1898 3655 j

198 3679 353 3753 eclogarius
366 3679 509 3747 adhibuit,
526 3689 590 3752 apte
602 3695 741 3733 connexas
758 3677 840 3732 fuisse
860 3695 894 3732 ex
907 3696 976 3733 cen·
1020 3696 1141 3757 captasse
1152 3695 1252 3740 auctor
1261 3694 1357 3738 noster
1369 3681 1492 3737 ridetur.
1504 3681 1551 3735 Sic
1561 3678 1676 3733 barbari
1689 3679 1733 3734 illi
1750 3685 1802 3752 qni

197 3775 264 3821 tone
277 3765 377 3840 fragm.
394 3783 426 3836 17
447 3765 605 3821 adherente
619 3765 926 3840 colligitur—Porro
944 3766 975 3818 in
1019 3757 1369 3844 Graecis'interponuutuu
1397 3768 1535 3841 Tyrrheni
1555 3765 1607 3838 (ιό.
1636 3761 1706 3839 16),
1732 3768 1805 3822 Pha-

197 3851 386 3906 lthacemium
405 3869 466 3924 rep.
489 3851 674 3926 fragmentum
692 3849 727 3904 de
741 3849 879 3922 Cephalo,
895 3850 974 3922 qnod
1018 3859 1088 3912 sioni
1103 3857 1155 3933 (fr.
1182 3855 1278 3934 tillet
1299 3857 1407 3913 Lucani
1428 3854 1480 3929 (fr.
1503 3852 1555 3927 sol
1571 3870 1607 3907 eo
1618 3851 1672 3906 sibi
1695 3853 1804 3908 similes
1897 3890 1898 3913 i

197 3949 293 4010 aperte
303 3957 338 3993 ex
347 3939 497 3994 Aristotele
508 3939 627 4012 petitum
640 3949 692 4005 est,
708 3938 877 3992 inomnibns
885 3937 971 3992 codd.
1019 3955 1095 4014 sunt,
1118 3945 1198 4018 quod
1217 3963 1313 4000 omnes
1326 3939 1451 4020 pridianos
1470 3941 1552 3995 fuisse
1572 3939 1718 3996 dicuuttu.
1732 3941 1805 3994 Post
1897 3982 1898 4009 ,

198 4025 235 4078 ita
250 4025 408 4096 exhibetur,
417 4035 449 4080 ut
457 4026 603 4100 inscriptio
615 4021 768 4091 Ἰθακησίων
778 4025 905 4096 sequenti
919 4024 973 4078 de·
1019 4031 1195 4102 cumaeomm
1214 4032 1360 4095 politiam,
1381 4028 1478 4102 paneis
1499 4025 1669 4095 interjectis,
1692 4026 1802 4098 legitur
1897 4082 1898 4089 χ

197 4128 273 4165 mum
287 4113 403 4186 segmini
419 4111 587 4187 praefigatur.
602 4111 687 4167 Unde
704 4111 819 4184 colligas
832 4110 973 4184 fragmen-
1019 4120 1165 4190 qimmodi,
1177 4119 1318 4174 adulteros
1331 4117 1472 4189 lapreatae
1481 4114 1653 4186 puuirerint.
1666 4113 1800 4169 Eandem

196 4209 256 4252 tum
278 4199 487 4255 Aristotelicum
506 4200 593 4254 serius
613 4197 848 4252 demums'llatum
871 4207 913 4264 et,
931 4199 973 4251 nti
1019 4206 1077 4262 lem
1088 4224 1200 4279 pmmm
1213 4205 1340 4260 cumam
1359 4204 1478 4258 unxisse
1498 4209 1616 4255 constat.
1638 4199 1802 4272 §inspiceris

198 4283 260 4339 fleri
282 4285 365 4356 solet,
385 4305 445 4341 non
463 4303 514 4340 suo
537 4303 594 4340 esse
608 4284 672 4338 loco
692 4285 825 4356 positum.
842 4283 974 4339 Similiter
1019 4294 1105 4366 igitur
1116 4294 1189 4348 lianc
1200 4293 1286 4364 ipsam
1301 4292 1370 4346 olim
1383 4291 1413 4344 in
1425 4289 1602 4345 Cumaeomm
1617 4285 1720 4340 Politia
1731 4305 1799 4341 rne-

95 4395 100 4404 ·
197 4370 297 4444 fragm.
314 4391 346 4440 7,
362 4371 567 4427 3Aristotelica
586 4368 788 4424 historiuucula
808 4377 896 4422 assuta
916 4385 973 4424 esse
1018 4390 1155 4437 mommm
1167 4379 1264 4448 foisse,
1277 4395 1395 4450 eamque
1412 4376 1447 4430 ab
1459 4376 1516 4429 alio
1527 4373 1653 4446 quodam
1665 4375 1800 4445 Lepm.

197 4455 320 4512 videtur.
334 4460 424 4513 Porro
439 4475 500 4530 quae
517 4475 551 4512 ex
561 4457 773 4528 Corcyraeorum
785 4473 846 4528 rep·
862 4453 908 4526 (fh
920 4453 972 4531 ιη)
1018 4477 1108 4522 tarum
1123 4467 1252 4540 exemplo
1265 4462 1534 4522 illustratam'fuisse.
1549 4459 1605 4516 Sed
1623 4460 1683 4514 haet
1696 4460 1801 4515 hacte-

198 4542 329 4616 leguntur
343 4546 373 4597 in
385 4544 512 4616 plurimis
524 4542 609 4597 codd.
623 4543 802 4610 omittuntur;
815 4544 845 4596 in
861 4541 973 4597 duobus
1017 4573 1083 4623 nns;
1105 4573 1170 4609 mm
1187 4553 1223 4608 (10
1240 4553 1355 4626 singulis
1372 4551 1531 4622 quibmque
1543 4547 1619 4602 ratio
1632 4545 1717 4601 reddi
1734 4545 1801 4618 jam

197 4639 291 4684 autem
307 4630 347 4703 (A
359 4629 415 4704 C),
432 4631 481 4703 qui
495 4647 527 4684 ea
539 4629 688 4695 exhibent,
702 4629 817 4684 diversis
835 4629 903 4682 locis
920 4647 972 4701 po-
1017 4659 1078 4696 „011
1094 4651 1195 4715 pom
1207 4641 1269 4695 yffi„
1281 4640 1305 4694 ,ᾗ
1318 4639 1420 4710 qum
1432 4653 1559 4708 qum„
1569 4634 1727 4708 wem
1743 4651 1801 4689 m„
1897 4646 1898 4655 ,

198 4722 312 4770 uantur.
326 4715 411 4788 Qrod
429 4717 495 4771 item
509 4716 615 4770 indicio
630 4727 670 4771 ast
683 4717 750 4770 olim
767 4716 826 4769 haec
846 4733 880 4768 eo
895 4715 972 4784 loco,
1018 4731 1128 4801 tiquam
1148 4727 1235 4782 libelli
1254 4724 1415 4780 llil-melidai
1433 4722 1552 4776 luridum
1578 4721 1801 4790 corstituerint,

200 4802 249 4856 ubi
265 4801 301 4858 de
313 4803 415 4858 ltalicis
431 4801 540 4856 Politiis
551 4819 645 4856 senno
662 4811 744 4874 erat,
761 4799 796 4854 ad
816 4802 973 4873 marginem
1018 4832 1144 4889 (ΜΝ
1156 4812 1368 4868 adventitimlm
1378 4827 1414 4865 m
1424 4810 1571 4864 Aristotele
1581 4807 1626 4860 vel
1636 4806 1698 4860 iliis
1706 4807 1800 4860 etiam

200 4890 321 4962 primum
335 4889 474 4963 adscripta
489 4888 588 4957 inisse,
601 4887 704 4944 deinde
720 4889 849 4960 migrasse
859 4889 888 4941 in
902 4905 971 4942 con·
1017 4901 1224 4977 scriptoribus:
1242 4899 1320 4954 haud
1338 4899 1377 4951 iu
1396 4897 1516 4951 multum
1536 4913 1552 4948 a
1569 4911 1639 4949 vero
1659 4892 1802 4949 aberrare
1897 4898 1898 4955 l

1017 4991 1086 5046 mihi
1097 4988 1199 5043 videor
1208 4997 1329 5042 statuens
1337 4982 1803 5051 Hemclideasessel’olitissprio-
1897 4974 1898 5069 (

198 5099 735 5162 ιο,νοοιοοιοιχαιον,οωσαιονπο..
748 5099 793 5146 etc.
806 5099 879 5159 patet.
1018 5099 1062 5135 res
1090 5079 1211 5132 maxime
1241 5085 1326 5146 arque
1345 5071 1505 5136 asenam,
1537 5079 1653 5140 excepta
1679 5067 1800 5133 samtm
1897 5134 1898 5137 ,

185 5075 191 5084 -
229 5029 259 5090 C)
276 5031 422 5092 Cilnium
438 5043 488 5080 esse
499 5043 554 5092 qua
569 5031 593 5080 tn
605 5029 688 5078 eadem
700 5029 796 5089 regione
813 5031 891 5076 essent
905 5027 971 5078 siml·
