<?xml version="1.0" encoding="UTF-8"?>
<!DOCTYPE html PUBLIC "-//W3C//DTD XHTML 1.0 Transitional//EN"
    "http://www.w3.org/TR/xhtml1/DTD/xhtml1-transitional.dtd">
<html xmlns="http://www.w3.org/1999/xhtml" xml:lang="en" lang="en">
 <head>
  <title>
</title>
<meta http-equiv="Content-Type" content="text/html;charset=utf-8" />
  <meta name='ocr-system' content='tesseract 3.04.00' />
  <meta name='ocr-capabilities' content='ocr_page ocr_carea ocr_par ocr_line ocrx_word'/>
</head>
<body>
  <div class='ocr_page' id='page_1' title='image "./fragmentahistor01unkngoog_0584.png"; bbox 0 0 3834 5767; ppageno 0'>
   <div class='ocr_carea' id='block_1_1' title="bbox 843 377 1738 441">
    <p class='ocr_par' dir='ltr' id='par_1_1' title="bbox 843 377 1738 441">
     <span class='ocr_line' id='line_1_1' title="bbox 843 377 1738 441; baseline 0.004 -5"><span class='ocrx_word' id='word_1_1' title='bbox 843 377 1089 438; x_wconf 78' lang='lat' dir='ltr'><strong>FRAGMENTA.</strong></span> <span class='ocrx_word' id='word_1_2' title='bbox 1683 392 1738 441; x_wconf 66' lang='grc'>513</span> 
     </span>
    </p>
   </div>
   <div class='ocr_carea' id='block_1_2' title="bbox 125 494 1798 2738">
    <p class='ocr_par' dir='ltr' id='par_1_2' title="bbox 125 494 1798 2738">
     <span class='ocr_line' id='line_1_2' title="bbox 145 494 1798 574; baseline 0.001 -20"><span class='ocrx_word' id='word_1_3' title='bbox 145 519 244 574; x_wconf 82' lang='lat' dir='ltr'>regum</span> <span class='ocrx_word' id='word_1_4' title='bbox 256 501 404 556; x_wconf 85' lang='lat' dir='ltr'>laterculos</span> <span class='ocrx_word' id='word_1_5' title='bbox 416 499 443 552; x_wconf 89' lang='lat' dir='ltr'>in</span> <span class='ocrx_word' id='word_1_6' title='bbox 458 494 636 555; x_wconf 71' lang='grc' dir='ltr'>Πεντάόιὸλον</span> <span class='ocrx_word' id='word_1_7' title='bbox 650 516 743 564; x_wconf 90' lang='lat' dir='ltr'>suam,</span> <span class='ocrx_word' id='word_1_8' title='bbox 757 517 828 571; x_wconf 83' lang='lat' dir='ltr'>opus</span> <span class='ocrx_word' id='word_1_9' title='bbox 847 519 921 553; x_wconf 83' lang='lat' dir='ltr'>niinc</span> <span class='ocrx_word' id='word_1_10' title='bbox 973 501 1197 572; x_wconf 81' lang='lat' dir='ltr'>thoniauioperis</span> <span class='ocrx_word' id='word_1_11' title='bbox 1208 502 1369 554; x_wconf 86' lang='lat' dir='ltr'>recensione</span> <span class='ocrx_word' id='word_1_12' title='bbox 1383 501 1551 572; x_wconf 81' lang='lat' dir='ltr'>deprompta</span> <span class='ocrx_word' id='word_1_13' title='bbox 1567 518 1622 554; x_wconf 84' lang='lat' dir='ltr'>esse</span> <span class='ocrx_word' id='word_1_14' title='bbox 1632 501 1746 557; x_wconf 87' lang='lat' dir='ltr'>debent.</span> <span class='ocrx_word' id='word_1_15' title='bbox 1791 543 1798 554; x_wconf 84' lang='grc'><strong><em>,</em></strong></span> 
     </span>
     <span class='ocr_line' id='line_1_3' title="bbox 145 584 1745 660; baseline 0.003 -22"><span class='ocrx_word' id='word_1_16' title='bbox 145 588 341 660; x_wconf 80' lang='lat' dir='ltr'>deperditum,</span> <span class='ocrx_word' id='word_1_17' title='bbox 353 596 507 658; x_wconf 73' lang='lat' dir='ltr'>receperat.</span> <span class='ocrx_word' id='word_1_18' title='bbox 522 587 594 640; x_wconf 89' lang='lat' dir='ltr'>Hinc</span> <span class='ocrx_word' id='word_1_19' title='bbox 608 585 746 657; x_wconf 86' lang='lat' dir='ltr'>dynastias</span> <span class='ocrx_word' id='word_1_20' title='bbox 763 587 924 640; x_wconf 77' lang='lat' dir='ltr'><strong>mortalium</strong></span> <span class='ocrx_word' id='word_1_21' title='bbox 970 584 1131 659; x_wconf 88' lang='lat' dir='ltr'>Syncellum</span> <span class='ocrx_word' id='word_1_22' title='bbox 1151 607 1215 642; x_wconf 87' lang='lat' dir='ltr'>sane</span> <span class='ocrx_word' id='word_1_23' title='bbox 1229 589 1250 642; x_wconf 90' lang='lat' dir='ltr'>si</span> <span class='ocrx_word' id='word_1_24' title='bbox 1269 587 1382 658; x_wconf 89' lang='lat' dir='ltr'>audias,</span> <span class='ocrx_word' id='word_1_25' title='bbox 1397 587 1530 640; x_wconf 79' lang='lat' dir='ltr'>Eusebius</span> <span class='ocrx_word' id='word_1_26' title='bbox 1544 589 1653 642; x_wconf 85' lang='lat' dir='ltr'>nonnisi</span> <span class='ocrx_word' id='word_1_27' title='bbox 1671 590 1745 642; x_wconf 81' lang='lat' dir='ltr'>Airi-</span> 
     </span>
     <span class='ocr_line' id='line_1_4' title="bbox 145 671 1745 748; baseline 0.001 -22"><span class='ocrx_word' id='word_1_28' title='bbox 145 675 212 730; x_wconf 90' lang='lat' dir='ltr'>iude</span> <span class='ocrx_word' id='word_1_29' title='bbox 226 693 242 731; x_wconf 86' lang='lat' dir='ltr'>a</span> <span class='ocrx_word' id='word_1_30' title='bbox 255 676 337 728; x_wconf 83' lang='lat' dir='ltr'>lllene</span> <span class='ocrx_word' id='word_1_31' title='bbox 348 691 413 746; x_wconf 89' lang='lat' dir='ltr'>rege</span> <span class='ocrx_word' id='word_1_32' title='bbox 426 671 571 744; x_wconf 79' lang='lat' dir='ltr'>Syncellus</span> <span class='ocrx_word' id='word_1_33' title='bbox 582 673 612 724; x_wconf 89' lang='lat' dir='ltr'>in</span> <span class='ocrx_word' id='word_1_34' title='bbox 624 672 762 726; x_wconf 88' lang='lat' dir='ltr'>Chronica</span> <span class='ocrx_word' id='word_1_35' title='bbox 779 691 827 726; x_wconf 90' lang='lat' dir='ltr'>sua</span> <span class='ocrx_word' id='word_1_36' title='bbox 847 683 924 726; x_wconf 89' lang='lat' dir='ltr'>tran·</span> <span class='ocrx_word' id='word_1_37' title='bbox 971 693 1071 728; x_wconf 88' lang='lat' dir='ltr'>canum</span> <span class='ocrx_word' id='word_1_38' title='bbox 1088 676 1127 730; x_wconf 93' lang='lat' dir='ltr'>ob</span> <span class='ocrx_word' id='word_1_39' title='bbox 1140 676 1238 728; x_wconf 92' lang='lat' dir='ltr'>oculos</span> <span class='ocrx_word' id='word_1_40' title='bbox 1249 675 1402 742; x_wconf 86' lang='lat' dir='ltr'>habuisset,</span> <span class='ocrx_word' id='word_1_41' title='bbox 1424 674 1459 728; x_wconf 90' lang='lat' dir='ltr'>ab</span> <span class='ocrx_word' id='word_1_42' title='bbox 1475 691 1567 746; x_wconf 89' lang='lat' dir='ltr'>eoque</span> <span class='ocrx_word' id='word_1_43' title='bbox 1577 675 1677 730; x_wconf 85' lang='lat' dir='ltr'>tradita</span> <span class='ocrx_word' id='word_1_44' title='bbox 1693 695 1745 748; x_wconf 86' lang='lat' dir='ltr'>pro</span> 
     </span>
     <span class='ocr_line' id='line_1_5' title="bbox 143 757 1742 834; baseline -0.002 -20"><span class='ocrx_word' id='word_1_45' title='bbox 143 763 271 834; x_wconf 80' lang='lat' dir='ltr'>scripsit3</span> <span class='ocrx_word' id='word_1_46' title='bbox 285 761 370 832; x_wconf 83' lang='lat' dir='ltr'>idque</span> <span class='ocrx_word' id='word_1_47' title='bbox 382 759 477 814; x_wconf 76' lang='lat' dir='ltr'>iecisse</span> <span class='ocrx_word' id='word_1_48' title='bbox 487 757 629 830; x_wconf 86' lang='lat' dir='ltr'>putandus</span> <span class='ocrx_word' id='word_1_49' title='bbox 638 769 678 812; x_wconf 91' lang='lat' dir='ltr'>est</span> <span class='ocrx_word' id='word_1_50' title='bbox 691 757 789 813; x_wconf 89' lang='lat' dir='ltr'>eadem</span> <span class='ocrx_word' id='word_1_51' title='bbox 803 777 867 813; x_wconf 92' lang='lat' dir='ltr'>cum</span> <span class='ocrx_word' id='word_1_52' title='bbox 878 759 924 812; x_wconf 87' lang='lat' dir='ltr'>di·</span> <span class='ocrx_word' id='word_1_53' title='bbox 971 760 1060 815; x_wconf 91' lang='lat' dir='ltr'>lubito</span> <span class='ocrx_word' id='word_1_54' title='bbox 1083 772 1186 816; x_wconf 62' lang='lat' dir='ltr'>umere</span> <span class='ocrx_word' id='word_1_55' title='bbox 1199 761 1423 831; x_wconf 82' lang='lat' dir='ltr'>mutasset.Quae</span> <span class='ocrx_word' id='word_1_56' title='bbox 1440 778 1526 832; x_wconf 84' lang='lat' dir='ltr'>prava</span> <span class='ocrx_word' id='word_1_57' title='bbox 1543 761 1670 815; x_wconf 86' lang='lat' dir='ltr'>levissimi</span> <span class='ocrx_word' id='word_1_58' title='bbox 1692 763 1742 814; x_wconf 76' lang='lat' dir='ltr'>hu-</span> 
     </span>
     <span class='ocr_line' id='line_1_6' title="bbox 145 845 1746 921; baseline -0.001 -18"><span class='ocrx_word' id='word_1_59' title='bbox 145 849 372 921; x_wconf 83' lang='lat' dir='ltr'>ligentia,quam</span> <span class='ocrx_word' id='word_1_60' title='bbox 400 848 429 900; x_wconf 91' lang='lat' dir='ltr'>in</span> <span class='ocrx_word' id='word_1_61' title='bbox 445 846 556 900; x_wconf 83' lang='lat' dir='ltr'>Eusebii</span> <span class='ocrx_word' id='word_1_62' title='bbox 578 845 716 900; x_wconf 86' lang='lat' dir='ltr'>laterculis</span> <span class='ocrx_word' id='word_1_63' title='bbox 736 845 925 906; x_wconf 77' lang='lat' dir='ltr'>exscribendis</span> <span class='ocrx_word' id='word_1_64' title='bbox 970 848 1051 901; x_wconf 87' lang='lat' dir='ltr'>minis</span> <span class='ocrx_word' id='word_1_65' title='bbox 1064 850 1199 903; x_wconf 85' lang='lat' dir='ltr'>sententia</span> <span class='ocrx_word' id='word_1_66' title='bbox 1220 859 1277 916; x_wconf 84' lang='lat' dir='ltr'>est,</span> <span class='ocrx_word' id='word_1_67' title='bbox 1291 849 1332 902; x_wconf 91' lang='lat' dir='ltr'>uti</span> <span class='ocrx_word' id='word_1_68' title='bbox 1344 848 1477 920; x_wconf 83' lang='lat' dir='ltr'>praeclare</span> <span class='ocrx_word' id='word_1_69' title='bbox 1498 845 1581 900; x_wconf 86' lang='lat' dir='ltr'>docet</span> <span class='ocrx_word' id='word_1_70' title='bbox 1601 847 1746 902; x_wconf 83' lang='lat' dir='ltr'>Boeclihius</span> 
     </span>
     <span class='ocr_line' id='line_1_7' title="bbox 145 929 1744 1007; baseline 0 -19"><span class='ocrx_word' id='word_1_71' title='bbox 145 935 285 991; x_wconf 79' lang='lat' dir='ltr'>adhibuit.</span> <span class='ocrx_word' id='word_1_72' title='bbox 301 933 449 989; x_wconf 80' lang='lat' dir='ltr'>Africanus</span> <span class='ocrx_word' id='word_1_73' title='bbox 466 951 534 988; x_wconf 80' lang='lat' dir='ltr'>vero</span> <span class='ocrx_word' id='word_1_74' title='bbox 557 951 624 986; x_wconf 91' lang='lat' dir='ltr'>num</span> <span class='ocrx_word' id='word_1_75' title='bbox 641 933 728 1004; x_wconf 84' lang='lat' dir='ltr'>ipsius</span> <span class='ocrx_word' id='word_1_76' title='bbox 751 929 926 986; x_wconf 81' lang='lat' dir='ltr'>Manethonis</span> <span class='ocrx_word' id='word_1_77' title='bbox 969 951 998 1003; x_wconf 90' lang='lat' dir='ltr'>p.</span> <span class='ocrx_word' id='word_1_78' title='bbox 1025 934 1078 988; x_wconf 82' lang='lat'>116</span> <span class='ocrx_word' id='word_1_79' title='bbox 1099 953 1139 1007; x_wconf 85' lang='lat' dir='ltr'>sq.</span> <span class='ocrx_word' id='word_1_80' title='bbox 1157 935 1242 990; x_wconf 84' lang='lat' dir='ltr'>Haud</span> <span class='ocrx_word' id='word_1_81' title='bbox 1258 935 1374 1007; x_wconf 90' lang='lat' dir='ltr'>quidem</span> <span class='ocrx_word' id='word_1_82' title='bbox 1394 951 1547 1007; x_wconf 80' lang='lat' dir='ltr'>pernegare</span> <span class='ocrx_word' id='word_1_83' title='bbox 1566 936 1637 988; x_wconf 90' lang='lat' dir='ltr'>ausis</span> <span class='ocrx_word' id='word_1_84' title='bbox 1662 937 1744 989; x_wconf 85' lang='lat' dir='ltr'>Euse-</span> 
     </span>
     <span class='ocr_line' id='line_1_8' title="bbox 145 1016 1744 1093; baseline 0.002 -21"><span class='ocrx_word' id='word_1_85' title='bbox 145 1039 218 1092; x_wconf 85' lang='lat' dir='ltr'>opus</span> <span class='ocrx_word' id='word_1_86' title='bbox 228 1031 292 1075; x_wconf 90' lang='lat' dir='ltr'>ante</span> <span class='ocrx_word' id='word_1_87' title='bbox 302 1021 400 1074; x_wconf 90' lang='lat' dir='ltr'>oculos</span> <span class='ocrx_word' id='word_1_88' title='bbox 408 1017 592 1086; x_wconf 86' lang='lat' dir='ltr'>babuerit,an</span> <span class='ocrx_word' id='word_1_89' title='bbox 600 1035 652 1090; x_wconf 91' lang='lat' dir='ltr'>per</span> <span class='ocrx_word' id='word_1_90' title='bbox 663 1016 807 1072; x_wconf 79' lang='lat' dir='ltr'>traducem</span> <span class='ocrx_word' id='word_1_91' title='bbox 818 1036 866 1072; x_wconf 87' lang='lat' dir='ltr'>sua</span> <span class='ocrx_word' id='word_1_92' title='bbox 878 1035 924 1072; x_wconf 91' lang='lat' dir='ltr'>ac·</span> <span class='ocrx_word' id='word_1_93' title='bbox 969 1019 1048 1073; x_wconf 88' lang='lat' dir='ltr'>bium</span> <span class='ocrx_word' id='word_1_94' title='bbox 1059 1039 1076 1074; x_wconf 92' lang='lat' dir='ltr'>e</span> <span class='ocrx_word' id='word_1_95' title='bbox 1091 1040 1142 1074; x_wconf 92' lang='lat' dir='ltr'>suo</span> <span class='ocrx_word' id='word_1_96' title='bbox 1160 1039 1236 1093; x_wconf 88' lang='lat' dir='ltr'>penu</span> <span class='ocrx_word' id='word_1_97' title='bbox 1250 1031 1369 1074; x_wconf 84' lang='lat' dir='ltr'>mutasse</span> <span class='ocrx_word' id='word_1_98' title='bbox 1382 1021 1489 1092; x_wconf 87' lang='lat' dir='ltr'>aliqua,</span> <span class='ocrx_word' id='word_1_99' title='bbox 1503 1029 1535 1072; x_wconf 95' lang='lat' dir='ltr'>ut</span> <span class='ocrx_word' id='word_1_100' title='bbox 1547 1019 1665 1074; x_wconf 85' lang='lat' dir='ltr'>ludaica</span> <span class='ocrx_word' id='word_1_101' title='bbox 1681 1041 1744 1075; x_wconf 89' lang='lat' dir='ltr'>eum</span> 
     </span>
     <span class='ocr_line' id='line_1_9' title="bbox 145 1105 1743 1180; baseline 0 -20"><span class='ocrx_word' id='word_1_102' title='bbox 145 1109 267 1178; x_wconf 86' lang='lat' dir='ltr'>ceperit,</span> <span class='ocrx_word' id='word_1_103' title='bbox 281 1125 341 1160; x_wconf 88' lang='lat' dir='ltr'>uon</span> <span class='ocrx_word' id='word_1_104' title='bbox 355 1105 494 1172; x_wconf 76' lang='lat' dir='ltr'>discerm;</span> <span class='ocrx_word' id='word_1_105' title='bbox 505 1121 675 1176; x_wconf 88' lang='lat' dir='ltr'>quamquam</span> <span class='ocrx_word' id='word_1_106' title='bbox 687 1105 741 1159; x_wconf 94' lang='lat' dir='ltr'>boc</span> <span class='ocrx_word' id='word_1_107' title='bbox 754 1105 842 1158; x_wconf 89' lang='lat' dir='ltr'>multo</span> <span class='ocrx_word' id='word_1_108' title='bbox 852 1123 922 1176; x_wconf 90' lang='lat' dir='ltr'>pro·</span> <span class='ocrx_word' id='word_1_109' title='bbox 969 1107 1107 1180; x_wconf 81' lang='lat' dir='ltr'>AEgyptiis</span> <span class='ocrx_word' id='word_1_110' title='bbox 1127 1108 1291 1161; x_wconf 86' lang='lat' dir='ltr'>conciliaret</span> <span class='ocrx_word' id='word_1_111' title='bbox 1309 1113 1494 1179; x_wconf 66' lang='lat' dir='ltr'>{quamquam</span> <span class='ocrx_word' id='word_1_112' title='bbox 1508 1125 1544 1160; x_wconf 90' lang='lat' dir='ltr'>ne</span> <span class='ocrx_word' id='word_1_113' title='bbox 1563 1107 1618 1161; x_wconf 95' lang='lat' dir='ltr'>hoc</span> <span class='ocrx_word' id='word_1_114' title='bbox 1629 1107 1743 1179; x_wconf 84' lang='lat' dir='ltr'>quidem</span> 
     </span>
     <span class='ocr_line' id='line_1_10' title="bbox 145 1190 1741 1268; baseline 0.001 -22"><span class='ocrx_word' id='word_1_115' title='bbox 145 1193 267 1246; x_wconf 81' lang='lat' dir='ltr'>habilius</span> <span class='ocrx_word' id='word_1_116' title='bbox 278 1210 335 1246; x_wconf 88' lang='lat' dir='ltr'>esse</span> <span class='ocrx_word' id='word_1_117' title='bbox 351 1191 473 1246; x_wconf 81' lang='lat' dir='ltr'>videmr.</span> <span class='ocrx_word' id='word_1_118' title='bbox 488 1193 527 1246; x_wconf 92' lang='lat' dir='ltr'>Ut</span> <span class='ocrx_word' id='word_1_119' title='bbox 540 1202 571 1244; x_wconf 94' lang='lat' dir='ltr'>ut</span> <span class='ocrx_word' id='word_1_120' title='bbox 585 1200 641 1257; x_wconf 89' lang='lat' dir='ltr'>est,</span> <span class='ocrx_word' id='word_1_121' title='bbox 652 1207 715 1261; x_wconf 78' lang='lat' dir='ltr'>quse</span> <span class='ocrx_word' id='word_1_122' title='bbox 726 1191 835 1263; x_wconf 89' lang='lat' dir='ltr'>accepit</span> <span class='ocrx_word' id='word_1_123' title='bbox 847 1190 923 1246; x_wconf 79' lang='lat' dir='ltr'>asri—</span> <span class='ocrx_word' id='word_1_124' title='bbox 970 1204 1048 1247; x_wconf 88' lang='lat' dir='ltr'>certo</span> <span class='ocrx_word' id='word_1_125' title='bbox 1062 1193 1246 1248; x_wconf 87' lang='lat' dir='ltr'>demonstrari</span> <span class='ocrx_word' id='word_1_126' title='bbox 1260 1193 1367 1268; x_wconf 68' lang='lat' dir='ltr'>potest)</span> <span class='ocrx_word' id='word_1_127' title='bbox 1384 1213 1390 1246; x_wconf 90' lang='lat'><strong>:</strong></span> <span class='ocrx_word' id='word_1_128' title='bbox 1411 1211 1510 1246; x_wconf 82' lang='lat' dir='ltr'>venam</span> <span class='ocrx_word' id='word_1_129' title='bbox 1531 1195 1554 1248; x_wconf 90' lang='lat' dir='ltr'>si</span> <span class='ocrx_word' id='word_1_130' title='bbox 1565 1213 1654 1248; x_wconf 88' lang='lat' dir='ltr'>unum</span> <span class='ocrx_word' id='word_1_131' title='bbox 1666 1195 1741 1249; x_wconf 48' lang='lat' dir='ltr'>Afri.</span> 
     </span>
     <span class='ocr_line' id='line_1_11' title="bbox 142 1276 1745 1353; baseline 0.001 -21"><span class='ocrx_word' id='word_1_132' title='bbox 142 1297 244 1346; x_wconf 82' lang='lat' dir='ltr'>canus,</span> <span class='ocrx_word' id='word_1_133' title='bbox 260 1297 291 1334; x_wconf 91' lang='lat' dir='ltr'>ea</span> <span class='ocrx_word' id='word_1_134' title='bbox 304 1277 425 1333; x_wconf 85' lang='lat' dir='ltr'>fideliter</span> <span class='ocrx_word' id='word_1_135' title='bbox 442 1277 609 1332; x_wconf 85' lang='lat' dir='ltr'>reddiderit.</span> <span class='ocrx_word' id='word_1_136' title='bbox 635 1278 706 1330; x_wconf 88' lang='lat' dir='ltr'>Nam</span> <span class='ocrx_word' id='word_1_137' title='bbox 724 1276 773 1330; x_wconf 94' lang='lat' dir='ltr'>ubi</span> <span class='ocrx_word' id='word_1_138' title='bbox 792 1278 923 1350; x_wconf 84' lang='lat' dir='ltr'>AEgyptia</span> <span class='ocrx_word' id='word_1_139' title='bbox 969 1297 1070 1334; x_wconf 88' lang='lat' dir='ltr'>cauum</span> <span class='ocrx_word' id='word_1_140' title='bbox 1090 1298 1146 1353; x_wconf 90' lang='lat' dir='ltr'>pro</span> <span class='ocrx_word' id='word_1_141' title='bbox 1166 1281 1244 1335; x_wconf 82' lang='lat' dir='ltr'>fonte</span> <span class='ocrx_word' id='word_1_142' title='bbox 1264 1281 1452 1348; x_wconf 77' lang='lat' dir='ltr'>adhibuisset,</span> <span class='ocrx_word' id='word_1_143' title='bbox 1475 1279 1551 1334; x_wconf 90' lang='lat' dir='ltr'>hanc</span> <span class='ocrx_word' id='word_1_144' title='bbox 1569 1292 1645 1335; x_wconf 87' lang='lat' dir='ltr'>certe</span> <span class='ocrx_word' id='word_1_145' title='bbox 1659 1283 1688 1334; x_wconf 90' lang='lat' dir='ltr'>in</span> <span class='ocrx_word' id='word_1_146' title='bbox 1713 1284 1745 1334; x_wconf 88' lang='lat' dir='ltr'>iis</span> 
     </span>
     <span class='ocr_line' id='line_1_12' title="bbox 144 1364 1744 1438; baseline 0 -18"><span class='ocrx_word' id='word_1_147' title='bbox 144 1369 219 1421; x_wconf 84' lang='lat' dir='ltr'>blan.</span> <span class='ocrx_word' id='word_1_148' title='bbox 236 1365 420 1438; x_wconf 81' lang='lat' dir='ltr'>chronologia</span> <span class='ocrx_word' id='word_1_149' title='bbox 433 1383 498 1418; x_wconf 89' lang='lat' dir='ltr'>cum</span> <span class='ocrx_word' id='word_1_150' title='bbox 512 1364 628 1418; x_wconf 82' lang='lat' dir='ltr'>ludaica</span> <span class='ocrx_word' id='word_1_151' title='bbox 646 1365 791 1418; x_wconf 89' lang='lat' dir='ltr'>conciliari</span> <span class='ocrx_word' id='word_1_152' title='bbox 809 1366 922 1436; x_wconf 89' lang='lat' dir='ltr'>nequit,</span> <span class='ocrx_word' id='word_1_153' title='bbox 968 1365 1088 1420; x_wconf 86' lang='lat' dir='ltr'>reddere</span> <span class='ocrx_word' id='word_1_154' title='bbox 1102 1367 1241 1433; x_wconf 87' lang='lat' dir='ltr'>debebat,</span> <span class='ocrx_word' id='word_1_155' title='bbox 1253 1367 1357 1438; x_wconf 91' lang='lat' dir='ltr'>quibus</span> <span class='ocrx_word' id='word_1_156' title='bbox 1370 1384 1435 1420; x_wconf 90' lang='lat' dir='ltr'>cum</span> <span class='ocrx_word' id='word_1_157' title='bbox 1447 1365 1563 1420; x_wconf 85' lang='lat' dir='ltr'>ludaica</span> <span class='ocrx_word' id='word_1_158' title='bbox 1574 1367 1690 1421; x_wconf 88' lang='lat' dir='ltr'>historia</span> <span class='ocrx_word' id='word_1_159' title='bbox 1701 1371 1744 1420; x_wconf 83' lang='lat' dir='ltr'>ni·</span> 
     </span>
     <span class='ocr_line' id='line_1_13' title="bbox 144 1451 1744 1528; baseline 0.004 -24"><span class='ocrx_word' id='word_1_160' title='bbox 144 1455 181 1505; x_wconf 90' lang='lat' dir='ltr'>ibi</span> <span class='ocrx_word' id='word_1_161' title='bbox 195 1471 328 1508; x_wconf 88' lang='lat' dir='ltr'>numeros</span> <span class='ocrx_word' id='word_1_162' title='bbox 338 1472 396 1508; x_wconf 90' lang='lat' dir='ltr'>non</span> <span class='ocrx_word' id='word_1_163' title='bbox 411 1453 448 1507; x_wconf 88' lang='lat' dir='ltr'>ad</span> <span class='ocrx_word' id='word_1_164' title='bbox 458 1453 613 1524; x_wconf 84' lang='lat' dir='ltr'>suasipsius</span> <span class='ocrx_word' id='word_1_165' title='bbox 624 1451 746 1504; x_wconf 89' lang='lat' dir='ltr'>rationes</span> <span class='ocrx_word' id='word_1_166' title='bbox 757 1451 919 1524; x_wconf 85' lang='lat' dir='ltr'>detorquet,</span> <span class='ocrx_word' id='word_1_167' title='bbox 968 1452 1007 1506; x_wconf 94' lang='lat' dir='ltr'>hil</span> <span class='ocrx_word' id='word_1_168' title='bbox 1019 1472 1167 1509; x_wconf 86' lang='lat' dir='ltr'>commune</span> <span class='ocrx_word' id='word_1_169' title='bbox 1193 1467 1243 1509; x_wconf 83' lang='lat' dir='ltr'>est.</span> <span class='ocrx_word' id='word_1_170' title='bbox 1268 1456 1322 1524; x_wconf 89' lang='lat' dir='ltr'>Qui</span> <span class='ocrx_word' id='word_1_171' title='bbox 1340 1455 1424 1528; x_wconf 88' lang='lat' dir='ltr'>igitur</span> <span class='ocrx_word' id='word_1_172' title='bbox 1443 1452 1477 1507; x_wconf 87' lang='lat' dir='ltr'>fit</span> <span class='ocrx_word' id='word_1_173' title='bbox 1500 1466 1532 1507; x_wconf 91' lang='lat' dir='ltr'>ut</span> <span class='ocrx_word' id='word_1_174' title='bbox 1556 1453 1591 1508; x_wconf 91' lang='lat' dir='ltr'>de</span> <span class='ocrx_word' id='word_1_175' title='bbox 1612 1455 1744 1526; x_wconf 85' lang='lat' dir='ltr'>dynastiis</span> 
     </span>
     <span class='ocr_line' id='line_1_14' title="bbox 142 1537 1743 1614; baseline 0.004 -23"><span class='ocrx_word' id='word_1_176' title='bbox 142 1539 192 1593; x_wconf 87' lang='lat' dir='ltr'>sed</span> <span class='ocrx_word' id='word_1_177' title='bbox 213 1540 366 1594; x_wconf 82' lang='lat' dir='ltr'>dissensum</span> <span class='ocrx_word' id='word_1_178' title='bbox 389 1539 491 1594; x_wconf 83' lang='lat' dir='ltr'>fatetur</span> <span class='ocrx_word' id='word_1_179' title='bbox 504 1540 625 1611; x_wconf 90' lang='lat' dir='ltr'>ingenue</span> <span class='ocrx_word' id='word_1_180' title='bbox 646 1537 698 1610; x_wconf 73' lang='lat' dir='ltr'>(V.</span> <span class='ocrx_word' id='word_1_181' title='bbox 714 1548 774 1594; x_wconf 92' lang='lat' dir='ltr'>not.</span> <span class='ocrx_word' id='word_1_182' title='bbox 792 1537 828 1592; x_wconf 93' lang='lat' dir='ltr'>ad</span> <span class='ocrx_word' id='word_1_183' title='bbox 852 1538 920 1609; x_wconf 91' lang='lat' dir='ltr'>dyn.</span> <span class='ocrx_word' id='word_1_184' title='bbox 967 1541 1087 1597; x_wconf 80' lang='lat' dir='ltr'>1-xtv</span> <span class='ocrx_word' id='word_1_185' title='bbox 1102 1555 1157 1596; x_wconf 89' lang='lat' dir='ltr'>tam</span> <span class='ocrx_word' id='word_1_186' title='bbox 1172 1541 1280 1596; x_wconf 83' lang='lat' dir='ltr'>diversa</span> <span class='ocrx_word' id='word_1_187' title='bbox 1299 1540 1518 1614; x_wconf 83' lang='lat' dir='ltr'>prodat?Quod</span> <span class='ocrx_word' id='word_1_188' title='bbox 1537 1540 1641 1596; x_wconf 91' lang='lat' dir='ltr'>deinde</span> <span class='ocrx_word' id='word_1_189' title='bbox 1659 1543 1743 1597; x_wconf 84' lang='lat' dir='ltr'>Euse-</span> 
     </span>
     <span class='ocr_line' id='line_1_15' title="bbox 143 1623 1743 1701; baseline 0.003 -21"><span class='ocrx_word' id='word_1_190' title='bbox 143 1627 382 1695; x_wconf 77' lang='lat' dir='ltr'>le11313oeckh.</span> <span class='ocrx_word' id='word_1_191' title='bbox 401 1646 430 1701; x_wconf 91' lang='lat' dir='ltr'>p.</span> <span class='ocrx_word' id='word_1_192' title='bbox 450 1623 519 1694; x_wconf 72' lang='lat'>1155</span> <span class='ocrx_word' id='word_1_193' title='bbox 531 1626 651 1678; x_wconf 89' lang='lat' dir='ltr'>Bunsea.</span> <span class='ocrx_word' id='word_1_194' title='bbox 666 1626 694 1692; x_wconf 90' lang='lat'>1,</span> <span class='ocrx_word' id='word_1_195' title='bbox 708 1643 738 1696; x_wconf 88' lang='lat' dir='ltr'>p.</span> <span class='ocrx_word' id='word_1_196' title='bbox 753 1623 835 1698; x_wconf 77' lang='lat'>245).</span> <span class='ocrx_word' id='word_1_197' title='bbox 852 1624 923 1679; x_wconf 78' lang='lat' dir='ltr'>Afri·</span> <span class='ocrx_word' id='word_1_198' title='bbox 968 1627 1016 1680; x_wconf 88' lang='lat' dir='ltr'>bio</span> <span class='ocrx_word' id='word_1_199' title='bbox 1029 1626 1175 1700; x_wconf 88' lang='lat' dir='ltr'>Syncellus</span> <span class='ocrx_word' id='word_1_200' title='bbox 1196 1629 1365 1701; x_wconf 81' lang='lat' dir='ltr'>exprobrat,</span> <span class='ocrx_word' id='word_1_201' title='bbox 1391 1629 1466 1681; x_wconf 88' lang='lat' dir='ltr'>aiens</span> <span class='ocrx_word' id='word_1_202' title='bbox 1485 1633 1598 1681; x_wconf 84' lang='lat' dir='ltr'>eum&#39;ex</span> <span class='ocrx_word' id='word_1_203' title='bbox 1618 1627 1743 1700; x_wconf 83' lang='lat' dir='ltr'>dynastia</span> 
     </span>
     <span class='ocr_line' id='line_1_16' title="bbox 143 1709 1742 1788; baseline 0.004 -26"><span class='ocrx_word' id='word_1_204' title='bbox 143 1732 230 1768; x_wconf 78' lang='lat' dir='ltr'>canus</span> <span class='ocrx_word' id='word_1_205' title='bbox 252 1725 345 1768; x_wconf 89' lang='lat' dir='ltr'>autem</span> <span class='ocrx_word' id='word_1_206' title='bbox 359 1731 375 1768; x_wconf 91' lang='lat' dir='ltr'>a</span> <span class='ocrx_word' id='word_1_207' title='bbox 388 1713 512 1786; x_wconf 88' lang='lat' dir='ltr'>Josepbo</span> <span class='ocrx_word' id='word_1_208' title='bbox 529 1711 649 1766; x_wconf 89' lang='lat' dir='ltr'>multum</span> <span class='ocrx_word' id='word_1_209' title='bbox 667 1709 816 1783; x_wconf 85' lang='lat' dir='ltr'>discrepat.</span> <span class='ocrx_word' id='word_1_210' title='bbox 831 1712 921 1784; x_wconf 84' lang='lat' dir='ltr'>Igitur</span> <span class='ocrx_word' id='word_1_211' title='bbox 967 1715 1018 1767; x_wconf 80' lang='lat' dir='ltr'>XV</span> <span class='ocrx_word' id='word_1_212' title='bbox 1039 1713 1134 1770; x_wconf 84' lang='lat' dir='ltr'>fecisse</span> <span class='ocrx_word' id='word_1_213' title='bbox 1148 1715 1303 1788; x_wconf 80' lang='lat' dir='ltr'>dynastiam</span> <span class='ocrx_word' id='word_1_214' title='bbox 1316 1715 1414 1784; x_wconf 82' lang='lat' dir='ltr'>xvii,</span> <span class='ocrx_word' id='word_1_215' title='bbox 1429 1725 1461 1768; x_wconf 90' lang='lat' dir='ltr'>ut</span> <span class='ocrx_word' id='word_1_216' title='bbox 1482 1715 1598 1786; x_wconf 85' lang='lat' dir='ltr'>losephi</span> <span class='ocrx_word' id='word_1_217' title='bbox 1610 1724 1639 1768; x_wconf 90' lang='lat' dir='ltr'>et</span> <span class='ocrx_word' id='word_1_218' title='bbox 1663 1718 1742 1788; x_wconf 87' lang='lat' dir='ltr'>Apo-</span> 
     </span>
     <span class='ocr_line' id='line_1_17' title="bbox 142 1798 1743 1876; baseline 0.004 -26"><span class='ocrx_word' id='word_1_219' title='bbox 142 1798 195 1852; x_wconf 86' lang='lat' dir='ltr'>alia</span> <span class='ocrx_word' id='word_1_220' title='bbox 207 1799 417 1854; x_wconf 85' lang='lat' dir='ltr'>lllaaetboniani</span> <span class='ocrx_word' id='word_1_221' title='bbox 427 1799 688 1872; x_wconf 84' lang='lat' dir='ltr'>operisreceusioue</span> <span class='ocrx_word' id='word_1_222' title='bbox 697 1815 761 1851; x_wconf 89' lang='lat' dir='ltr'>usus</span> <span class='ocrx_word' id='word_1_223' title='bbox 770 1807 819 1853; x_wconf 89' lang='lat' dir='ltr'>est.</span> <span class='ocrx_word' id='word_1_224' title='bbox 833 1798 922 1852; x_wconf 88' lang='lat' dir='ltr'>Porro</span> <span class='ocrx_word' id='word_1_225' title='bbox 968 1802 1031 1872; x_wconf 91' lang='lat' dir='ltr'>phis</span> <span class='ocrx_word' id='word_1_226' title='bbox 1039 1804 1113 1876; x_wconf 89' lang='lat' dir='ltr'>regis</span> <span class='ocrx_word' id='word_1_227' title='bbox 1126 1813 1255 1874; x_wconf 75' lang='lat' dir='ltr'>tempora</span> <span class='ocrx_word' id='word_1_228' title='bbox 1270 1803 1403 1874; x_wconf 91' lang='lat' dir='ltr'>componi</span> <span class='ocrx_word' id='word_1_229' title='bbox 1414 1813 1546 1874; x_wconf 85' lang='lat' dir='ltr'>possent:</span> <span class='ocrx_word' id='word_1_230' title='bbox 1562 1804 1669 1856; x_wconf 83' lang='lat' dir='ltr'>crimen</span> <span class='ocrx_word' id='word_1_231' title='bbox 1678 1803 1743 1872; x_wconf 89' lang='lat' dir='ltr'>hoc,</span> 
     </span>
     <span class='ocr_line' id='line_1_18' title="bbox 141 1881 1744 1964; baseline 0.004 -28"><span class='ocrx_word' id='word_1_232' title='bbox 141 1885 255 1940; x_wconf 85' lang='lat' dir='ltr'>sirecte</span> <span class='ocrx_word' id='word_1_233' title='bbox 274 1886 381 1941; x_wconf 86' lang='lat' dir='ltr'>habent</span> <span class='ocrx_word' id='word_1_234' title='bbox 402 1886 489 1942; x_wconf 88' lang='lat' dir='ltr'>verba</span> <span class='ocrx_word' id='word_1_235' title='bbox 511 1886 677 1958; x_wconf 90' lang='lat' dir='ltr'>Syncellip.</span> <span class='ocrx_word' id='word_1_236' title='bbox 701 1881 736 1949; x_wconf 77' lang='lat'>54</span> <span class='ocrx_word' id='word_1_237' title='bbox 755 1881 798 1958; x_wconf 84' lang='lat' dir='ltr'>(v.</span> <span class='ocrx_word' id='word_1_238' title='bbox 812 1883 848 1941; x_wconf 84' lang='lat' dir='ltr'>fr.</span> <span class='ocrx_word' id='word_1_239' title='bbox 863 1883 919 1959; x_wconf 73' lang='lat' dir='ltr'>bl:</span> <span class='ocrx_word' id='word_1_240' title='bbox 967 1900 1099 1944; x_wconf 89' lang='lat' dir='ltr'>monente</span> <span class='ocrx_word' id='word_1_241' title='bbox 1119 1889 1252 1944; x_wconf 80' lang='lat' dir='ltr'>Boeclhio</span> <span class='ocrx_word' id='word_1_242' title='bbox 1271 1886 1320 1964; x_wconf 89' lang='lat' dir='ltr'>(p.</span> <span class='ocrx_word' id='word_1_243' title='bbox 1351 1888 1434 1960; x_wconf 83' lang='lat'>117),</span> <span class='ocrx_word' id='word_1_244' title='bbox 1463 1905 1498 1942; x_wconf 88' lang='lat' dir='ltr'>eo</span> <span class='ocrx_word' id='word_1_245' title='bbox 1520 1888 1647 1955; x_wconf 90' lang='lat' dir='ltr'>diluitur,</span> <span class='ocrx_word' id='word_1_246' title='bbox 1664 1889 1744 1960; x_wconf 90' lang='lat' dir='ltr'>quod</span> 
     </span>
     <span class='ocr_line' id='line_1_19' title="bbox 143 1965 1740 2051; baseline 0.002 -26"><span class='ocrx_word' id='word_1_247' title='bbox 143 1973 229 2042; x_wconf 78' lang='grc' dir='ltr'>Ὁμοῦ</span> <span class='ocrx_word' id='word_1_248' title='bbox 242 1969 348 2046; x_wconf 74' lang='grc' dir='ltr'>πρώτης</span> <span class='ocrx_word' id='word_1_249' title='bbox 367 1969 545 2047; x_wconf 78' lang='grc' dir='ltr'>καὶδευτέρας</span> <span class='ocrx_word' id='word_1_250' title='bbox 568 1965 718 2034; x_wconf 69' lang='grc' dir='ltr'>δυναστείας</span> <span class='ocrx_word' id='word_1_251' title='bbox 732 1966 777 2039; x_wconf 72' lang='grc' dir='ltr'>ἔτη</span> <span class='ocrx_word' id='word_1_252' title='bbox 787 1968 842 2049; x_wconf 82' lang='grc' dir='ltr'>ρνε’</span> <span class='ocrx_word' id='word_1_253' title='bbox 852 1971 920 2048; x_wconf 73' lang='lat' dir='ltr'>(stol</span> <span class='ocrx_word' id='word_1_254' title='bbox 967 1993 1032 2028; x_wconf 88' lang='lat' dir='ltr'>cum</span> <span class='ocrx_word' id='word_1_255' title='bbox 1041 1976 1160 2029; x_wconf 89' lang='lat' dir='ltr'>Eusebio</span> <span class='ocrx_word' id='word_1_256' title='bbox 1179 1977 1317 2030; x_wconf 84' lang='lat' dir='ltr'>consentit</span> <span class='ocrx_word' id='word_1_257' title='bbox 1336 1975 1481 2030; x_wconf 85' lang='lat' dir='ltr'>scholiasta</span> <span class='ocrx_word' id='word_1_258' title='bbox 1494 1976 1616 2030; x_wconf 86' lang='lat' dir='ltr'>Platonis</span> <span class='ocrx_word' id='word_1_259' title='bbox 1629 1975 1670 2051; x_wconf 88' lang='lat' dir='ltr'>(p.</span> <span class='ocrx_word' id='word_1_260' title='bbox 1686 1982 1740 2039; x_wconf 69' lang='lat' dir='ltr'>iai.</span> 
     </span>
     <span class='ocr_line' id='line_1_20' title="bbox 142 2054 1741 2136; baseline 0.003 -25"><span class='ocrx_word' id='word_1_261' title='bbox 142 2055 224 2113; x_wconf 79' lang='grc' dir='ltr'>κατὰ</span> <span class='ocrx_word' id='word_1_262' title='bbox 237 2057 295 2127; x_wconf 77' lang='grc' dir='ltr'>τὴν</span> <span class='ocrx_word' id='word_1_263' title='bbox 309 2055 465 2136; x_wconf 80' lang='grc' dir='ltr'>δευτέραν</span> <span class='ocrx_word' id='word_1_264' title='bbox 482 2057 609 2114; x_wconf 80' lang='grc' dir='ltr'>ἔκδοσιν</span> <span class='ocrx_word' id='word_1_265' title='bbox 624 2054 841 2133; x_wconf 78' lang='grc' dir='ltr'>Ἀφρικανοῦ,</span> <span class='ocrx_word' id='word_1_266' title='bbox 860 2058 922 2126; x_wconf 78' lang='lat' dir='ltr'>disse</span> <span class='ocrx_word' id='word_1_267' title='bbox 966 2061 1013 2118; x_wconf 91' lang='lat' dir='ltr'>ed.</span> <span class='ocrx_word' id='word_1_268' title='bbox 1033 2061 1184 2130; x_wconf 71' lang='lat' dir='ltr'>Bellieni,</span> <span class='ocrx_word' id='word_1_269' title='bbox 1202 2080 1287 2134; x_wconf 89' lang='lat' dir='ltr'>quem</span> <span class='ocrx_word' id='word_1_270' title='bbox 1303 2079 1351 2115; x_wconf 89' lang='lat' dir='ltr'>sua</span> <span class='ocrx_word' id='word_1_271' title='bbox 1374 2079 1408 2115; x_wconf 84' lang='lat' dir='ltr'>ex</span> <span class='ocrx_word' id='word_1_272' title='bbox 1430 2061 1551 2115; x_wconf 88' lang='lat' dir='ltr'>Eusebio</span> <span class='ocrx_word' id='word_1_273' title='bbox 1569 2063 1669 2132; x_wconf 87' lang='lat' dir='ltr'>petisse</span> <span class='ocrx_word' id='word_1_274' title='bbox 1683 2074 1741 2116; x_wconf 85' lang='lat' dir='ltr'>tuin</span> 
     </span>
     <span class='ocr_line' id='line_1_21' title="bbox 144 2140 1742 2222; baseline 0.004 -26"><span class='ocrx_word' id='word_1_275' title='bbox 144 2145 258 2202; x_wconf 81' lang='lat' dir='ltr'>tuissent</span> <span class='ocrx_word' id='word_1_276' title='bbox 280 2146 417 2202; x_wconf 87' lang='lat' dir='ltr'>editiones</span> <span class='ocrx_word' id='word_1_277' title='bbox 439 2165 499 2200; x_wconf 85' lang='lat' dir='ltr'>non</span> <span class='ocrx_word' id='word_1_278' title='bbox 513 2147 559 2212; x_wconf 82' lang='grc' dir='ltr'>τῆς</span> <span class='ocrx_word' id='word_1_279' title='bbox 585 2140 781 2214; x_wconf 62' lang='lat' dir='ltr'>haeretiticos,</span> <span class='ocrx_word' id='word_1_280' title='bbox 804 2144 853 2199; x_wconf 86' lang='lat' dir='ltr'>sed</span> <span class='ocrx_word' id='word_1_281' title='bbox 876 2146 922 2213; x_wconf 83' lang='grc' dir='ltr'>τῆς</span> <span class='ocrx_word' id='word_1_282' title='bbox 965 2165 1167 2222; x_wconf 88' lang='lat' dir='ltr'>perseparuru</span> <span class='ocrx_word' id='word_1_283' title='bbox 1182 2149 1330 2222; x_wconf 89' lang='lat' dir='ltr'>probabile</span> <span class='ocrx_word' id='word_1_284' title='bbox 1344 2159 1398 2218; x_wconf 89' lang='lat' dir='ltr'>est,</span> <span class='ocrx_word' id='word_1_285' title='bbox 1411 2158 1471 2202; x_wconf 88' lang='lat' dir='ltr'>tum</span> <span class='ocrx_word' id='word_1_286' title='bbox 1483 2159 1649 2220; x_wconf 90' lang='lat' dir='ltr'>propterea,</span> <span class='ocrx_word' id='word_1_287' title='bbox 1663 2152 1742 2220; x_wconf 79' lang='lat' dir='ltr'>quoii</span> 
     </span>
     <span class='ocr_line' id='line_1_22' title="bbox 142 2230 1741 2308; baseline 0.004 -24"><span class='ocrx_word' id='word_1_288' title='bbox 142 2230 293 2307; x_wconf 76' lang='grc' dir='ltr'>ἀναγραφῆς</span> <span class='ocrx_word' id='word_1_289' title='bbox 308 2249 407 2307; x_wconf 88' lang='lat' dir='ltr'>regum</span> <span class='ocrx_word' id='word_1_290' title='bbox 425 2233 639 2306; x_wconf 85' lang='lat' dir='ltr'>AEgyptiorum‚</span> <span class='ocrx_word' id='word_1_291' title='bbox 655 2242 683 2285; x_wconf 92' lang='lat' dir='ltr'>et</span> <span class='ocrx_word' id='word_1_292' title='bbox 694 2231 808 2285; x_wconf 83' lang='lat' dir='ltr'>sortasse</span> <span class='ocrx_word' id='word_1_293' title='bbox 816 2249 852 2285; x_wconf 90' lang='lat' dir='ltr'>ne</span> <span class='ocrx_word' id='word_1_294' title='bbox 865 2232 915 2284; x_wconf 91' lang='lat' dir='ltr'>ho-</span> <span class='ocrx_word' id='word_1_295' title='bbox 965 2236 1111 2290; x_wconf 89' lang='lat' dir='ltr'>scholiasta</span> <span class='ocrx_word' id='word_1_296' title='bbox 1125 2236 1161 2290; x_wconf 92' lang='lat' dir='ltr'>de</span> <span class='ocrx_word' id='word_1_297' title='bbox 1170 2237 1242 2308; x_wconf 87' lang='lat' dir='ltr'>regis</span> <span class='ocrx_word' id='word_1_298' title='bbox 1251 2235 1319 2307; x_wconf 91' lang='lat' dir='ltr'>dyn.</span> <span class='ocrx_word' id='word_1_299' title='bbox 1330 2236 1412 2292; x_wconf 82' lang='lat' dir='ltr'>XVII</span> <span class='ocrx_word' id='word_1_300' title='bbox 1426 2235 1573 2306; x_wconf 85' lang='lat' dir='ltr'>complura</span> <span class='ocrx_word' id='word_1_301' title='bbox 1584 2235 1667 2289; x_wconf 77' lang='lat' dir='ltr'>affert</span> <span class='ocrx_word' id='word_1_302' title='bbox 1680 2254 1741 2306; x_wconf 84' lang='lat' dir='ltr'>quae</span> 
     </span>
     <span class='ocr_line' id='line_1_23' title="bbox 143 2319 1742 2395; baseline 0.003 -25"><span class='ocrx_word' id='word_1_303' title='bbox 143 2337 205 2370; x_wconf 87' lang='lat' dir='ltr'>rum</span> <span class='ocrx_word' id='word_1_304' title='bbox 223 2319 337 2390; x_wconf 88' lang='lat' dir='ltr'>quidem</span> <span class='ocrx_word' id='word_1_305' title='bbox 352 2320 488 2376; x_wconf 88' lang='lat' dir='ltr'>omnium.</span> <span class='ocrx_word' id='word_1_306' title='bbox 962 2322 1042 2394; x_wconf 87' lang='lat' dir='ltr'>apud</span> <span class='ocrx_word' id='word_1_307' title='bbox 1054 2323 1204 2378; x_wconf 78' lang='lat' dir='ltr'>Esrsebium</span> <span class='ocrx_word' id='word_1_308' title='bbox 1214 2341 1274 2376; x_wconf 90' lang='lat' dir='ltr'>non</span> <span class='ocrx_word' id='word_1_309' title='bbox 1285 2323 1427 2395; x_wconf 82' lang='lat' dir='ltr'>leguntur,</span> <span class='ocrx_word' id='word_1_310' title='bbox 1442 2331 1541 2374; x_wconf 88' lang='lat' dir='ltr'>contra</span> <span class='ocrx_word' id='word_1_311' title='bbox 1555 2339 1623 2375; x_wconf 83' lang='lat' dir='ltr'>vero</span> <span class='ocrx_word' id='word_1_312' title='bbox 1637 2323 1742 2375; x_wconf 89' lang='lat' dir='ltr'>omittit</span> 
     </span>
     <span class='ocr_line' id='line_1_24' title="bbox 181 2403 1741 2482; baseline 0.002 -24"><span class='ocrx_word' id='word_1_313' title='bbox 181 2407 247 2460; x_wconf 89' lang='lat' dir='ltr'>Post</span> <span class='ocrx_word' id='word_1_314' title='bbox 257 2405 418 2464; x_wconf 80' lang='lat' dir='ltr'>Africanum</span> <span class='ocrx_word' id='word_1_315' title='bbox 435 2407 570 2461; x_wconf 82' lang='lat' dir='ltr'>Eusebius</span> <span class='ocrx_word' id='word_1_316' title='bbox 583 2408 613 2459; x_wconf 91' lang='lat' dir='ltr'>in</span> <span class='ocrx_word' id='word_1_317' title='bbox 626 2403 831 2461; x_wconf 76' lang='lat' dir='ltr'>chronicorum</span> <span class='ocrx_word' id='word_1_318' title='bbox 846 2405 920 2460; x_wconf 87' lang='lat' dir='ltr'>libro</span> <span class='ocrx_word' id='word_1_319' title='bbox 965 2427 999 2464; x_wconf 89' lang='lat' dir='ltr'>ea</span> <span class='ocrx_word' id='word_1_320' title='bbox 1012 2426 1076 2482; x_wconf 78' lang='lat' dir='ltr'>quae</span> <span class='ocrx_word' id='word_1_321' title='bbox 1091 2409 1128 2464; x_wconf 92' lang='lat' dir='ltr'>de</span> <span class='ocrx_word' id='word_1_322' title='bbox 1144 2409 1268 2481; x_wconf 85' lang='lat' dir='ltr'>losepbo</span> <span class='ocrx_word' id='word_1_323' title='bbox 1287 2408 1374 2463; x_wconf 91' lang='lat' dir='ltr'>habet</span> <span class='ocrx_word' id='word_1_324' title='bbox 1395 2408 1540 2462; x_wconf 83' lang='lat' dir='ltr'>Eusebius.</span> <span class='ocrx_word' id='word_1_325' title='bbox 1560 2408 1663 2462; x_wconf 80' lang='lat' dir='ltr'>Praeter</span> <span class='ocrx_word' id='word_1_326' title='bbox 1682 2407 1741 2461; x_wconf 85' lang='lat' dir='ltr'>haec</span> 
     </span>
     <span class='ocr_line' id='line_1_25' title="bbox 143 2492 1741 2565; baseline 0.002 -21"><span class='ocrx_word' id='word_1_327' title='bbox 143 2493 237 2562; x_wconf 90' lang='lat' dir='ltr'>primo</span> <span class='ocrx_word' id='word_1_328' title='bbox 250 2493 387 2565; x_wconf 89' lang='lat' dir='ltr'>dynastias</span> <span class='ocrx_word' id='word_1_329' title='bbox 393 2495 532 2548; x_wconf 90' lang='lat' dir='ltr'>recensuit</span> <span class='ocrx_word' id='word_1_330' title='bbox 543 2509 639 2547; x_wconf 90' lang='lat' dir='ltr'>omnes</span> <span class='ocrx_word' id='word_1_331' title='bbox 649 2502 709 2546; x_wconf 90' lang='lat' dir='ltr'>tum</span> <span class='ocrx_word' id='word_1_332' title='bbox 719 2492 919 2546; x_wconf 87' lang='lat' dir='ltr'>immortalium</span> <span class='ocrx_word' id='word_1_333' title='bbox 965 2495 1019 2548; x_wconf 89' lang='lat' dir='ltr'>alia</span> <span class='ocrx_word' id='word_1_334' title='bbox 1032 2495 1120 2549; x_wconf 87' lang='lat' dir='ltr'>multa</span> <span class='ocrx_word' id='word_1_335' title='bbox 1133 2494 1280 2548; x_wconf 83' lang='lat' dir='ltr'>Boecliliius</span> <span class='ocrx_word' id='word_1_336' title='bbox 1290 2493 1387 2560; x_wconf 82' lang='lat' dir='ltr'>affert,</span> <span class='ocrx_word' id='word_1_337' title='bbox 1407 2510 1471 2565; x_wconf 83' lang='lat' dir='ltr'>quae</span> <span class='ocrx_word' id='word_1_338' title='bbox 1483 2492 1685 2564; x_wconf 88' lang='lat' dir='ltr'>Syncelliauam</span> <span class='ocrx_word' id='word_1_339' title='bbox 1705 2494 1741 2547; x_wconf 80' lang='lat' dir='ltr'>ile</span> 
     </span>
     <span class='ocr_line' id='line_1_26' title="bbox 142 2577 1740 2653; baseline 0.003 -22"><span class='ocrx_word' id='word_1_340' title='bbox 142 2597 240 2651; x_wconf 85' lang='lat' dir='ltr'>regum</span> <span class='ocrx_word' id='word_1_341' title='bbox 266 2591 324 2635; x_wconf 89' lang='lat' dir='ltr'>tum</span> <span class='ocrx_word' id='word_1_342' title='bbox 346 2581 520 2639; x_wconf 84' lang='lat' dir='ltr'>mortalium.</span> <span class='ocrx_word' id='word_1_343' title='bbox 534 2579 613 2636; x_wconf 88' lang='lat' dir='ltr'>ldem</span> <span class='ocrx_word' id='word_1_344' title='bbox 628 2579 657 2632; x_wconf 89' lang='lat' dir='ltr'>in</span> <span class='ocrx_word' id='word_1_345' title='bbox 676 2577 791 2635; x_wconf 89' lang='lat' dir='ltr'>Canone</span> <span class='ocrx_word' id='word_1_346' title='bbox 811 2579 868 2632; x_wconf 83' lang='lat' dir='ltr'>sive</span> <span class='ocrx_word' id='word_1_347' title='bbox 891 2578 920 2632; x_wconf 89' lang='lat' dir='ltr'>in</span> <span class='ocrx_word' id='word_1_348' title='bbox 966 2582 1105 2636; x_wconf 86' lang='lat' dir='ltr'>laterculis</span> <span class='ocrx_word' id='word_1_349' title='bbox 1115 2581 1226 2636; x_wconf 84' lang='lat' dir='ltr'>Eusebii</span> <span class='ocrx_word' id='word_1_350' title='bbox 1237 2582 1403 2635; x_wconf 88' lang='lat' dir='ltr'>senteutiam</span> <span class='ocrx_word' id='word_1_351' title='bbox 1416 2579 1544 2634; x_wconf 83' lang='lat' dir='ltr'>refellant</span> <span class='ocrx_word' id='word_1_352' title='bbox 1556 2578 1740 2653; x_wconf 74' lang='lat' dir='ltr'>i&#39;).Statuen-</span> 
     </span>
     <span class='ocr_line' id='line_1_27' title="bbox 125 2665 921 2738; baseline -0.006 -14"><span class='ocrx_word' id='word_1_353' title='bbox 125 2687 128 2694; x_wconf 82' lang='grc'><strong>’</strong></span> <span class='ocrx_word' id='word_1_354' title='bbox 142 2665 351 2724; x_wconf 87' lang='lat' dir='ltr'>Chronicomm</span> <span class='ocrx_word' id='word_1_355' title='bbox 362 2668 435 2723; x_wconf 89' lang='lat' dir='ltr'>libro</span> <span class='ocrx_word' id='word_1_356' title='bbox 447 2666 572 2722; x_wconf 86' lang='lat' dir='ltr'>secundo</span> <span class='ocrx_word' id='word_1_357' title='bbox 583 2665 677 2721; x_wconf 87' lang='lat' dir='ltr'>denuo</span> <span class='ocrx_word' id='word_1_358' title='bbox 687 2675 832 2720; x_wconf 83' lang='lat' dir='ltr'>enumerat</span> <span class='ocrx_word' id='word_1_359' title='bbox 842 2683 921 2738; x_wconf 87' lang='lat' dir='ltr'>reges</span> 
     </span>
    </p>
   </div>
   <div class='ocr_carea' id='block_1_3' title="bbox 78 2751 919 4909">
    <p class='ocr_par' dir='ltr' id='par_1_3' title="bbox 78 2751 919 4909">
     <span class='ocr_line' id='line_1_28' title="bbox 142 2751 918 2827; baseline -0.004 -20"><span class='ocrx_word' id='word_1_360' title='bbox 142 2756 273 2810; x_wconf 86' lang='lat' dir='ltr'>mortales</span> <span class='ocrx_word' id='word_1_361' title='bbox 287 2755 353 2810; x_wconf 88' lang='lat' dir='ltr'>inde</span> <span class='ocrx_word' id='word_1_362' title='bbox 367 2755 403 2810; x_wconf 90' lang='lat' dir='ltr'>ab</span> <span class='ocrx_word' id='word_1_363' title='bbox 421 2754 546 2827; x_wconf 79' lang='lat' dir='ltr'>dynastia</span> <span class='ocrx_word' id='word_1_364' title='bbox 557 2755 639 2820; x_wconf 84' lang='lat' dir='ltr'>xvi,</span> <span class='ocrx_word' id='word_1_365' title='bbox 658 2751 737 2823; x_wconf 88' lang='lat' dir='ltr'>cujus</span> <span class='ocrx_word' id='word_1_366' title='bbox 758 2770 847 2806; x_wconf 90' lang='lat' dir='ltr'>annus</span> <span class='ocrx_word' id='word_1_367' title='bbox 859 2753 918 2824; x_wconf 91' lang='lat' dir='ltr'>pri·</span> 
     </span>
     <span class='ocr_line' id='line_1_29' title="bbox 141 2839 918 2912; baseline -0.004 -16"><span class='ocrx_word' id='word_1_368' title='bbox 141 2861 203 2896; x_wconf 86' lang='lat' dir='ltr'>mus</span> <span class='ocrx_word' id='word_1_369' title='bbox 211 2843 314 2898; x_wconf 89' lang='lat' dir='ltr'>mirum</span> <span class='ocrx_word' id='word_1_370' title='bbox 328 2845 357 2896; x_wconf 90' lang='lat' dir='ltr'>in</span> <span class='ocrx_word' id='word_1_371' title='bbox 367 2840 485 2896; x_wconf 88' lang='lat' dir='ltr'>modum</span> <span class='ocrx_word' id='word_1_372' title='bbox 505 2839 605 2895; x_wconf 91' lang='lat' dir='ltr'>incidit</span> <span class='ocrx_word' id='word_1_373' title='bbox 619 2841 649 2894; x_wconf 90' lang='lat' dir='ltr'>in</span> <span class='ocrx_word' id='word_1_374' title='bbox 667 2857 771 2894; x_wconf 90' lang='lat' dir='ltr'>annum</span> <span class='ocrx_word' id='word_1_375' title='bbox 794 2841 918 2912; x_wconf 88' lang='lat' dir='ltr'>primum</span> 
     </span>
     <span class='ocr_line' id='line_1_30' title="bbox 144 2927 917 2998; baseline -0.004 -16"><span class='ocrx_word' id='word_1_376' title='bbox 144 2929 302 2983; x_wconf 68' lang='lat' dir='ltr'>abrahami.</span> <span class='ocrx_word' id='word_1_377' title='bbox 315 2928 373 2983; x_wconf 87' lang='lat' dir='ltr'>Nos</span> <span class='ocrx_word' id='word_1_378' title='bbox 397 2928 552 2982; x_wconf 89' lang='lat' dir='ltr'>Eusebiana</span> <span class='ocrx_word' id='word_1_379' title='bbox 567 2927 626 2980; x_wconf 86' lang='lat' dir='ltr'>baec</span> <span class='ocrx_word' id='word_1_380' title='bbox 650 2927 781 2980; x_wconf 86' lang='lat' dir='ltr'>novimus</span> <span class='ocrx_word' id='word_1_381' title='bbox 795 2944 829 2980; x_wconf 83' lang='lat' dir='ltr'>ex</span> <span class='ocrx_word' id='word_1_382' title='bbox 850 2927 917 2998; x_wconf 88' lang='lat' dir='ltr'>Syn·</span> 
     </span>
     <span class='ocr_line' id='line_1_31' title="bbox 142 3015 919 3085; baseline -0.001 -17"><span class='ocrx_word' id='word_1_383' title='bbox 142 3017 230 3085; x_wconf 84' lang='lat' dir='ltr'>cello,</span> <span class='ocrx_word' id='word_1_384' title='bbox 243 3033 278 3070; x_wconf 88' lang='lat' dir='ltr'>ex</span> <span class='ocrx_word' id='word_1_385' title='bbox 292 3017 418 3070; x_wconf 84' lang='lat' dir='ltr'>versione</span> <span class='ocrx_word' id='word_1_386' title='bbox 432 3015 544 3069; x_wconf 87' lang='lat' dir='ltr'>Eusebii</span> <span class='ocrx_word' id='word_1_387' title='bbox 559 3015 737 3078; x_wconf 76' lang='lat' dir='ltr'>Ameriam,</span> <span class='ocrx_word' id='word_1_388' title='bbox 762 3031 796 3067; x_wconf 90' lang='lat' dir='ltr'>ex</span> <span class='ocrx_word' id='word_1_389' title='bbox 814 3015 919 3068; x_wconf 87' lang='lat' dir='ltr'>Hiero-</span> 
     </span>
     <span class='ocr_line' id='line_1_32' title="bbox 140 3098 917 3175; baseline -0.003 -21"><span class='ocrx_word' id='word_1_390' title='bbox 140 3120 237 3175; x_wconf 85' lang='lat' dir='ltr'>nymo.</span> <span class='ocrx_word' id='word_1_391' title='bbox 250 3103 305 3173; x_wconf 87' lang='lat' dir='ltr'>Qui</span> <span class='ocrx_word' id='word_1_392' title='bbox 320 3101 434 3174; x_wconf 88' lang='lat' dir='ltr'>quidem</span> <span class='ocrx_word' id='word_1_393' title='bbox 454 3117 563 3168; x_wconf 90' lang='lat' dir='ltr'>omnes,</span> <span class='ocrx_word' id='word_1_394' title='bbox 575 3100 597 3154; x_wconf 90' lang='lat' dir='ltr'>si</span> <span class='ocrx_word' id='word_1_395' title='bbox 609 3099 714 3154; x_wconf 82' lang='lat' dir='ltr'>leviora</span> <span class='ocrx_word' id='word_1_396' title='bbox 727 3098 855 3170; x_wconf 75' lang='lat' dir='ltr'>quedam</span> <span class='ocrx_word' id='word_1_397' title='bbox 869 3116 917 3152; x_wconf 85' lang='lat' dir='ltr'>ex·</span> 
     </span>
     <span class='ocr_line' id='line_1_33' title="bbox 142 3183 918 3261; baseline -0.004 -21"><span class='ocrx_word' id='word_1_398' title='bbox 142 3189 262 3260; x_wconf 85' lang='lat' dir='ltr'>ceperis,</span> <span class='ocrx_word' id='word_1_399' title='bbox 277 3189 382 3261; x_wconf 89' lang='lat' dir='ltr'>optime</span> <span class='ocrx_word' id='word_1_400' title='bbox 392 3189 466 3242; x_wconf 86' lang='lat' dir='ltr'>inter</span> <span class='ocrx_word' id='word_1_401' title='bbox 478 3205 506 3242; x_wconf 87' lang='lat' dir='ltr'>se</span> <span class='ocrx_word' id='word_1_402' title='bbox 519 3187 696 3240; x_wconf 88' lang='lat' dir='ltr'>consentiunt</span> <span class='ocrx_word' id='word_1_403' title='bbox 704 3225 713 3253; x_wconf 92' lang='lat'>‚</span> <span class='ocrx_word' id='word_1_404' title='bbox 728 3183 799 3238; x_wconf 89' lang='lat' dir='ltr'>adeo</span> <span class='ocrx_word' id='word_1_405' title='bbox 820 3194 851 3238; x_wconf 90' lang='lat' dir='ltr'>ut</span> <span class='ocrx_word' id='word_1_406' title='bbox 865 3183 918 3238; x_wconf 91' lang='lat' dir='ltr'>du·</span> 
     </span>
     <span class='ocr_line' id='line_1_34' title="bbox 141 3270 919 3346; baseline -0.001 -19"><span class='ocrx_word' id='word_1_407' title='bbox 141 3275 220 3328; x_wconf 86' lang='lat' dir='ltr'>bium</span> <span class='ocrx_word' id='word_1_408' title='bbox 234 3293 293 3330; x_wconf 90' lang='lat' dir='ltr'>non</span> <span class='ocrx_word' id='word_1_409' title='bbox 311 3276 362 3344; x_wconf 89' lang='lat' dir='ltr'>sit,</span> <span class='ocrx_word' id='word_1_410' title='bbox 383 3275 454 3346; x_wconf 87' lang='lat' dir='ltr'>quin</span> <span class='ocrx_word' id='word_1_411' title='bbox 467 3272 623 3328; x_wconf 84' lang='lat' dir='ltr'>Eusebiana</span> <span class='ocrx_word' id='word_1_412' title='bbox 642 3272 708 3326; x_wconf 88' lang='lat' dir='ltr'>talia</span> <span class='ocrx_word' id='word_1_413' title='bbox 722 3281 796 3325; x_wconf 89' lang='lat' dir='ltr'>certe</span> <span class='ocrx_word' id='word_1_414' title='bbox 816 3270 919 3326; x_wconf 85' lang='lat' dir='ltr'>habea·</span> 
     </span>
     <span class='ocr_line' id='line_1_35' title="bbox 142 3360 918 3434; baseline -0.004 -20"><span class='ocrx_word' id='word_1_415' title='bbox 142 3379 203 3416; x_wconf 89' lang='lat' dir='ltr'>mus</span> <span class='ocrx_word' id='word_1_416' title='bbox 217 3362 310 3434; x_wconf 88' lang='lat' dir='ltr'>qualia</span> <span class='ocrx_word' id='word_1_417' title='bbox 324 3371 403 3416; x_wconf 87' lang='lat' dir='ltr'>erant</span> <span class='ocrx_word' id='word_1_418' title='bbox 414 3361 508 3415; x_wconf 90' lang='lat' dir='ltr'>seculo</span> <span class='ocrx_word' id='word_1_419' title='bbox 521 3361 632 3432; x_wconf 83' lang='lat' dir='ltr'>quinto.</span> <span class='ocrx_word' id='word_1_420' title='bbox 649 3361 691 3414; x_wconf 88' lang='lat' dir='ltr'>Ne</span> <span class='ocrx_word' id='word_1_421' title='bbox 706 3360 792 3431; x_wconf 89' lang='lat' dir='ltr'>ipsam</span> <span class='ocrx_word' id='word_1_422' title='bbox 805 3375 918 3412; x_wconf 89' lang='lat' dir='ltr'>manum</span> 
     </span>
     <span class='ocr_line' id='line_1_36' title="bbox 143 3447 915 3522; baseline -0.005 -20"><span class='ocrx_word' id='word_1_423' title='bbox 143 3449 253 3502; x_wconf 85' lang='lat' dir='ltr'>Eusebii</span> <span class='ocrx_word' id='word_1_424' title='bbox 267 3451 297 3503; x_wconf 88' lang='lat' dir='ltr'>in</span> <span class='ocrx_word' id='word_1_425' title='bbox 311 3449 441 3504; x_wconf 88' lang='lat' dir='ltr'>omnibus</span> <span class='ocrx_word' id='word_1_426' title='bbox 462 3447 667 3522; x_wconf 87' lang='lat' dir='ltr'>agnoscendam</span> <span class='ocrx_word' id='word_1_427' title='bbox 690 3463 746 3500; x_wconf 88' lang='lat' dir='ltr'>esse</span> <span class='ocrx_word' id='word_1_428' title='bbox 772 3463 826 3518; x_wconf 86' lang='lat' dir='ltr'>pro</span> <span class='ocrx_word' id='word_1_429' title='bbox 839 3455 915 3499; x_wconf 88' lang='lat' dir='ltr'>certo</span> 
     </span>
     <span class='ocr_line' id='line_1_37' title="bbox 141 3533 916 3605; baseline -0.003 -17"><span class='ocrx_word' id='word_1_430' title='bbox 141 3553 286 3604; x_wconf 85' lang='lat' dir='ltr'>asseveres,</span> <span class='ocrx_word' id='word_1_431' title='bbox 299 3535 371 3590; x_wconf 92' lang='lat' dir='ltr'>illud</span> <span class='ocrx_word' id='word_1_432' title='bbox 379 3535 492 3590; x_wconf 80' lang='lat' dir='ltr'>videtur</span> <span class='ocrx_word' id='word_1_433' title='bbox 503 3535 628 3603; x_wconf 89' lang='lat' dir='ltr'>obstare,</span> <span class='ocrx_word' id='word_1_434' title='bbox 640 3533 719 3605; x_wconf 93' lang='lat' dir='ltr'>quod</span> <span class='ocrx_word' id='word_1_435' title='bbox 732 3533 878 3605; x_wconf 87' lang='lat' dir='ltr'>complura</span> <span class='ocrx_word' id='word_1_436' title='bbox 889 3535 916 3586; x_wconf 88' lang='lat' dir='ltr'>in</span> 
     </span>
     <span class='ocr_line' id='line_1_38' title="bbox 141 3619 916 3694; baseline -0.001 -21"><span class='ocrx_word' id='word_1_437' title='bbox 141 3621 173 3674; x_wconf 90' lang='lat' dir='ltr'>iis</span> <span class='ocrx_word' id='word_1_438' title='bbox 183 3623 313 3694; x_wconf 87' lang='lat' dir='ltr'>leguntur</span> <span class='ocrx_word' id='word_1_439' title='bbox 326 3630 421 3693; x_wconf 89' lang='lat' dir='ltr'>aperte</span> <span class='ocrx_word' id='word_1_440' title='bbox 440 3631 590 3693; x_wconf 88' lang='lat' dir='ltr'>corrupta,</span> <span class='ocrx_word' id='word_1_441' title='bbox 605 3620 692 3674; x_wconf 82' lang='lat' dir='ltr'>veluti</span> <span class='ocrx_word' id='word_1_442' title='bbox 707 3620 773 3672; x_wconf 91' lang='lat' dir='ltr'>anui</span> <span class='ocrx_word' id='word_1_443' title='bbox 788 3619 828 3672; x_wconf 90' lang='lat' dir='ltr'>illi</span> <span class='ocrx_word' id='word_1_444' title='bbox 851 3637 916 3673; x_wconf 91' lang='lat' dir='ltr'>cen·</span> 
     </span>
     <span class='ocr_line' id='line_1_39' title="bbox 142 3705 917 3781; baseline -0.001 -20"><span class='ocrx_word' id='word_1_445' title='bbox 142 3718 217 3776; x_wconf 89' lang='lat' dir='ltr'>tum,</span> <span class='ocrx_word' id='word_1_446' title='bbox 232 3709 278 3780; x_wconf 90' lang='lat' dir='ltr'>qui</span> <span class='ocrx_word' id='word_1_447' title='bbox 295 3708 456 3763; x_wconf 86' lang='lat' dir='ltr'>tribuuntur</span> <span class='ocrx_word' id='word_1_448' title='bbox 474 3707 606 3781; x_wconf 88' lang='lat' dir='ltr'>dynastiis</span> <span class='ocrx_word' id='word_1_449' title='bbox 625 3707 694 3761; x_wconf 84' lang='lat' dir='ltr'>viti</span> <span class='ocrx_word' id='word_1_450' title='bbox 708 3716 736 3761; x_wconf 90' lang='lat' dir='ltr'>et</span> <span class='ocrx_word' id='word_1_451' title='bbox 749 3705 800 3774; x_wconf 87' lang='lat' dir='ltr'>IX,</span> <span class='ocrx_word' id='word_1_452' title='bbox 815 3716 843 3760; x_wconf 91' lang='lat' dir='ltr'>et</span> <span class='ocrx_word' id='word_1_453' title='bbox 857 3716 917 3760; x_wconf 92' lang='lat' dir='ltr'>tur·</span> 
     </span>
     <span class='ocr_line' id='line_1_40' title="bbox 141 3794 916 3867; baseline -0.003 -18"><span class='ocrx_word' id='word_1_454' title='bbox 141 3797 212 3850; x_wconf 85' lang='lat' dir='ltr'>batae</span> <span class='ocrx_word' id='word_1_455' title='bbox 229 3797 351 3850; x_wconf 90' lang='lat' dir='ltr'>rationes</span> <span class='ocrx_word' id='word_1_456' title='bbox 373 3795 562 3867; x_wconf 85' lang='lat' dir='ltr'>dynastiamm</span> <span class='ocrx_word' id='word_1_457' title='bbox 583 3795 621 3848; x_wconf 93' lang='lat' dir='ltr'>lV</span> <span class='ocrx_word' id='word_1_458' title='bbox 635 3803 663 3848; x_wconf 92' lang='lat' dir='ltr'>et</span> <span class='ocrx_word' id='word_1_459' title='bbox 682 3796 713 3848; x_wconf 84' lang='lat' dir='ltr'>V.</span> <span class='ocrx_word' id='word_1_460' title='bbox 740 3794 916 3865; x_wconf 87' lang='lat' dir='ltr'>Quamquam</span> 
     </span>
     <span class='ocr_line' id='line_1_41' title="bbox 141 3866 914 3955; baseline -0.004 -18"><span class='ocrx_word' id='word_1_461' title='bbox 141 3881 201 3937; x_wconf 83' lang='lat' dir='ltr'>heri</span> <span class='ocrx_word' id='word_1_462' title='bbox 217 3883 311 3955; x_wconf 77' lang='lat' dir='ltr'>potmt</span> <span class='ocrx_word' id='word_1_463' title='bbox 327 3890 359 3937; x_wconf 90' lang='lat' dir='ltr'>ut</span> <span class='ocrx_word' id='word_1_464' title='bbox 378 3866 513 3937; x_wconf 77' lang='lat' dir='ltr'>Eusebius</span> <span class='ocrx_word' id='word_1_465' title='bbox 523 3880 581 3952; x_wconf 87' lang='lat' dir='ltr'>jam</span> <span class='ocrx_word' id='word_1_466' title='bbox 595 3879 706 3934; x_wconf 89' lang='lat' dir='ltr'>turbata</span> <span class='ocrx_word' id='word_1_467' title='bbox 718 3881 856 3951; x_wconf 88' lang='lat' dir='ltr'>repererit</span> <span class='ocrx_word' id='word_1_468' title='bbox 868 3899 914 3934; x_wconf 91' lang='lat' dir='ltr'>ne·</span> 
     </span>
     <span class='ocr_line' id='line_1_42' title="bbox 142 3965 916 4041; baseline -0.006 -18"><span class='ocrx_word' id='word_1_469' title='bbox 142 3987 197 4040; x_wconf 89' lang='lat' dir='ltr'>quc</span> <span class='ocrx_word' id='word_1_470' title='bbox 207 3971 236 4022; x_wconf 92' lang='lat' dir='ltr'>in</span> <span class='ocrx_word' id='word_1_471' title='bbox 243 3969 370 4024; x_wconf 80' lang='lat' dir='ltr'>ordinem</span> <span class='ocrx_word' id='word_1_472' title='bbox 380 3986 413 4022; x_wconf 88' lang='lat' dir='ltr'>ea</span> <span class='ocrx_word' id='word_1_473' title='bbox 422 3967 550 4041; x_wconf 83' lang='lat' dir='ltr'>redigere</span> <span class='ocrx_word' id='word_1_474' title='bbox 559 3985 651 4039; x_wconf 84' lang='lat' dir='ltr'>operae</span> <span class='ocrx_word' id='word_1_475' title='bbox 660 3967 784 4038; x_wconf 87' lang='lat' dir='ltr'>pretium</span> <span class='ocrx_word' id='word_1_476' title='bbox 794 3965 916 4036; x_wconf 84' lang='lat' dir='ltr'>duxerit,</span> 
     </span>
     <span class='ocr_line' id='line_1_43' title="bbox 142 4054 917 4128; baseline -0.003 -20"><span class='ocrx_word' id='word_1_477' title='bbox 142 4057 200 4128; x_wconf 87' lang='lat' dir='ltr'>ipse</span> <span class='ocrx_word' id='word_1_478' title='bbox 207 4056 329 4128; x_wconf 86' lang='lat' dir='ltr'>denique</span> <span class='ocrx_word' id='word_1_479' title='bbox 340 4055 501 4110; x_wconf 85' lang='lat' dir='ltr'>festinanter</span> <span class='ocrx_word' id='word_1_480' title='bbox 510 4071 662 4127; x_wconf 82' lang='lat' dir='ltr'>excerpens</span> <span class='ocrx_word' id='word_1_481' title='bbox 668 4054 804 4108; x_wconf 87' lang='lat' dir='ltr'>nonnulla</span> <span class='ocrx_word' id='word_1_482' title='bbox 815 4070 917 4124; x_wconf 88' lang='lat' dir='ltr'>pecca·</span> 
     </span>
     <span class='ocr_line' id='line_1_44' title="bbox 140 4140 917 4216; baseline -0.003 -22"><span class='ocrx_word' id='word_1_483' title='bbox 140 4145 222 4196; x_wconf 85' lang='lat' dir='ltr'>verit.</span> <span class='ocrx_word' id='word_1_484' title='bbox 239 4141 329 4216; x_wconf 88' lang='lat' dir='ltr'>quue</span> <span class='ocrx_word' id='word_1_485' title='bbox 343 4152 420 4198; x_wconf 87' lang='lat' dir='ltr'>tanto</span> <span class='ocrx_word' id='word_1_486' title='bbox 430 4141 538 4196; x_wconf 83' lang='lat' dir='ltr'>facilius</span> <span class='ocrx_word' id='word_1_487' title='bbox 546 4140 656 4194; x_wconf 90' lang='lat' dir='ltr'>admitti</span> <span class='ocrx_word' id='word_1_488' title='bbox 669 4151 771 4212; x_wconf 90' lang='lat' dir='ltr'>potest,</span> <span class='ocrx_word' id='word_1_489' title='bbox 784 4140 917 4210; x_wconf 86' lang='lat' dir='ltr'>quoniam</span> 
     </span>
     <span class='ocr_line' id='line_1_45' title="bbox 142 4226 916 4301; baseline -0.001 -20"><span class='ocrx_word' id='word_1_490' title='bbox 142 4229 230 4283; x_wconf 83' lang='lat' dir='ltr'>turbae</span> <span class='ocrx_word' id='word_1_491' title='bbox 255 4231 311 4284; x_wconf 73' lang='lat' dir='ltr'>istae</span> <span class='ocrx_word' id='word_1_492' title='bbox 324 4247 421 4283; x_wconf 90' lang='lat' dir='ltr'>omnes</span> <span class='ocrx_word' id='word_1_493' title='bbox 433 4231 575 4301; x_wconf 89' lang='lat' dir='ltr'>pertinent</span> <span class='ocrx_word' id='word_1_494' title='bbox 591 4227 628 4282; x_wconf 92' lang='lat' dir='ltr'>ad</span> <span class='ocrx_word' id='word_1_495' title='bbox 641 4228 751 4300; x_wconf 85' lang='lat' dir='ltr'>priores</span> <span class='ocrx_word' id='word_1_496' title='bbox 764 4226 916 4298; x_wconf 89' lang='lat' dir='ltr'>dynastias,</span> 
     </span>
     <span class='ocr_line' id='line_1_46' title="bbox 141 4312 918 4388; baseline -0.005 -19"><span class='ocrx_word' id='word_1_497' title='bbox 141 4335 209 4388; x_wconf 80' lang='lat' dir='ltr'>quas</span> <span class='ocrx_word' id='word_1_498' title='bbox 235 4316 369 4372; x_wconf 86' lang='lat' dir='ltr'>Eusebius</span> <span class='ocrx_word' id='word_1_499' title='bbox 390 4335 467 4371; x_wconf 88' lang='lat' dir='ltr'>suam</span> <span class='ocrx_word' id='word_1_500' title='bbox 492 4315 704 4388; x_wconf 87' lang='lat' dir='ltr'>chronologiam</span> <span class='ocrx_word' id='word_1_501' title='bbox 728 4313 763 4368; x_wconf 87' lang='lat' dir='ltr'>ab</span> <span class='ocrx_word' id='word_1_502' title='bbox 786 4312 918 4385; x_wconf 86' lang='lat' dir='ltr'>dynastiae</span> 
     </span>
     <span class='ocr_line' id='line_1_47' title="bbox 140 4401 916 4476; baseline 0.001 -20"><span class='ocrx_word' id='word_1_503' title='bbox 140 4405 206 4458; x_wconf 79' lang='lat' dir='ltr'>XVI</span> <span class='ocrx_word' id='word_1_504' title='bbox 221 4404 334 4459; x_wconf 90' lang='lat' dir='ltr'>demum</span> <span class='ocrx_word' id='word_1_505' title='bbox 346 4403 520 4476; x_wconf 90' lang='lat' dir='ltr'>temporibus</span> <span class='ocrx_word' id='word_1_506' title='bbox 529 4401 679 4456; x_wconf 81' lang='lat' dir='ltr'>exordiens</span> <span class='ocrx_word' id='word_1_507' title='bbox 694 4401 785 4454; x_wconf 88' lang='lat' dir='ltr'>minus</span> <span class='ocrx_word' id='word_1_508' title='bbox 799 4401 916 4457; x_wconf 88' lang='lat' dir='ltr'>curavit.</span> 
     </span>
     <span class='ocr_line' id='line_1_48' title="bbox 142 4488 918 4561; baseline -0.005 -16"><span class='ocrx_word' id='word_1_509' title='bbox 142 4521 177 4532; x_wconf 86' lang='lat'>-</span> <span class='ocrx_word' id='word_1_510' title='bbox 195 4492 284 4545; x_wconf 85' lang='lat' dir='ltr'>Missis</span> <span class='ocrx_word' id='word_1_511' title='bbox 297 4491 372 4546; x_wconf 91' lang='lat' dir='ltr'>bisce</span> <span class='ocrx_word' id='word_1_512' title='bbox 384 4491 561 4561; x_wconf 86' lang='lat' dir='ltr'>corruptelis,</span> <span class='ocrx_word' id='word_1_513' title='bbox 581 4490 603 4543; x_wconf 91' lang='lat' dir='ltr'>si</span> <span class='ocrx_word' id='word_1_514' title='bbox 615 4489 750 4560; x_wconf 88' lang='lat' dir='ltr'>reliquam</span> <span class='ocrx_word' id='word_1_515' title='bbox 769 4488 918 4542; x_wconf 89' lang='lat' dir='ltr'>laterculo-</span> 
     </span>
     <span class='ocr_line' id='line_1_49' title="bbox 78 4576 916 4647; baseline -0.001 -17"><span class='ocrx_word' id='word_1_516' title='bbox 78 4591 85 4602; x_wconf 89' lang='lat'><strong>·</strong></span> <span class='ocrx_word' id='word_1_517' title='bbox 143 4595 204 4630; x_wconf 85' lang='lat' dir='ltr'>nim</span> <span class='ocrx_word' id='word_1_518' title='bbox 234 4579 372 4632; x_wconf 89' lang='lat' dir='ltr'>rationem</span> <span class='ocrx_word' id='word_1_519' title='bbox 390 4576 612 4644; x_wconf 86' lang='lat' dir='ltr'>consideramus,</span> <span class='ocrx_word' id='word_1_520' title='bbox 634 4591 806 4647; x_wconf 87' lang='lat' dir='ltr'>magnopere</span> <span class='ocrx_word' id='word_1_521' title='bbox 834 4576 916 4629; x_wconf 87' lang='lat' dir='ltr'>Euse-</span> 
     </span>
     <span class='ocr_line' id='line_1_50' title="bbox 141 4660 916 4733; baseline 0 -19"><span class='ocrx_word' id='word_1_522' title='bbox 141 4663 218 4716; x_wconf 90' lang='lat' dir='ltr'>bium</span> <span class='ocrx_word' id='word_1_523' title='bbox 233 4663 269 4718; x_wconf 88' lang='lat' dir='ltr'>ab</span> <span class='ocrx_word' id='word_1_524' title='bbox 285 4661 418 4718; x_wconf 80' lang='lat' dir='ltr'>Africano</span> <span class='ocrx_word' id='word_1_525' title='bbox 438 4662 582 4716; x_wconf 87' lang='lat' dir='ltr'>dissentire</span> <span class='ocrx_word' id='word_1_526' title='bbox 596 4671 721 4733; x_wconf 89' lang='lat' dir='ltr'>apparet.</span> <span class='ocrx_word' id='word_1_527' title='bbox 744 4660 828 4714; x_wconf 88' lang='lat' dir='ltr'>Novit</span> <span class='ocrx_word' id='word_1_528' title='bbox 851 4662 916 4732; x_wconf 92' lang='lat' dir='ltr'>qui-</span> 
     </span>
     <span class='ocr_line' id='line_1_51' title="bbox 141 4745 916 4822; baseline -0.003 -20"><span class='ocrx_word' id='word_1_529' title='bbox 141 4749 206 4804; x_wconf 87' lang='lat' dir='ltr'>dem</span> <span class='ocrx_word' id='word_1_530' title='bbox 235 4768 306 4822; x_wconf 89' lang='lat' dir='ltr'>opus</span> <span class='ocrx_word' id='word_1_531' title='bbox 327 4749 467 4816; x_wconf 82' lang='lat' dir='ltr'>Africani,</span> <span class='ocrx_word' id='word_1_532' title='bbox 497 4747 680 4802; x_wconf 87' lang='lat' dir='ltr'>iunonuullis</span> <span class='ocrx_word' id='word_1_533' title='bbox 700 4745 812 4801; x_wconf 75' lang='lat' dir='ltr'>sortasse</span> <span class='ocrx_word' id='word_1_534' title='bbox 835 4747 916 4800; x_wconf 88' lang='lat' dir='ltr'>etiam</span> 
     </span>
     <span class='ocr_line' id='line_1_52' title="bbox 142 4831 917 4909; baseline -0.001 -22"><span class='ocrx_word' id='word_1_535' title='bbox 142 4834 269 4888; x_wconf 87' lang='lat' dir='ltr'>adhibuit</span> <span class='ocrx_word' id='word_1_536' title='bbox 283 4831 331 4909; x_wconf 54' lang='grc' dir='ltr'>Γ),</span> <span class='ocrx_word' id='word_1_537' title='bbox 344 4835 465 4906; x_wconf 88' lang='lat' dir='ltr'>plurima</span> <span class='ocrx_word' id='word_1_538' title='bbox 475 4852 543 4888; x_wconf 85' lang='lat' dir='ltr'>vero</span> <span class='ocrx_word' id='word_1_539' title='bbox 557 4852 590 4888; x_wconf 79' lang='lat' dir='ltr'>ex</span> <span class='ocrx_word' id='word_1_540' title='bbox 603 4833 711 4887; x_wconf 78' lang='lat' dir='ltr'>diversa</span> <span class='ocrx_word' id='word_1_541' title='bbox 724 4833 808 4904; x_wconf 90' lang='lat' dir='ltr'>plane</span> <span class='ocrx_word' id='word_1_542' title='bbox 822 4832 917 4886; x_wconf 88' lang='lat' dir='ltr'>Mane·</span> 
     </span>
    </p>
   </div>
   <div class='ocr_carea' id='block_1_4' title="bbox 142 4951 917 5220">
    <p class='ocr_par' dir='ltr' id='par_1_4' title="bbox 142 4951 917 5220">
     <span class='ocr_line' id='line_1_53' title="bbox 172 4951 917 5012; baseline -0.004 -13"><span class='ocrx_word' id='word_1_543' title='bbox 172 4951 203 5012; x_wconf 74' lang='lat' dir='ltr'>i&#39;)</span> <span class='ocrx_word' id='word_1_544' title='bbox 214 4951 300 4999; x_wconf 82' lang='lat' dir='ltr'>Mirum</span> <span class='ocrx_word' id='word_1_545' title='bbox 308 4953 373 4999; x_wconf 82' lang='lat' dir='ltr'>certe</span> <span class='ocrx_word' id='word_1_546' title='bbox 385 4955 420 5000; x_wconf 90' lang='lat' dir='ltr'>est</span> <span class='ocrx_word' id='word_1_547' title='bbox 432 4951 561 5000; x_wconf 79' lang='lat' dir='ltr'>Eusebium</span> <span class='ocrx_word' id='word_1_548' title='bbox 569 4951 845 5008; x_wconf 70' lang='lat' dir='ltr'>ianuamianuaim,</span> <span class='ocrx_word' id='word_1_549' title='bbox 856 4961 917 5009; x_wconf 87' lang='lat' dir='ltr'>quos</span> 
     </span>
     <span class='ocr_line' id='line_1_54' title="bbox 142 5017 916 5080; baseline -0.003 -14"><span class='ocrx_word' id='word_1_550' title='bbox 142 5020 219 5080; x_wconf 87' lang='lat' dir='ltr'>primo</span> <span class='ocrx_word' id='word_1_551' title='bbox 238 5025 261 5066; x_wconf 89' lang='lat' dir='ltr'>et</span> <span class='ocrx_word' id='word_1_552' title='bbox 275 5019 382 5069; x_wconf 88' lang='lat' dir='ltr'>secundo</span> <span class='ocrx_word' id='word_1_553' title='bbox 405 5020 466 5070; x_wconf 84' lang='lat' dir='ltr'>libro</span> <span class='ocrx_word' id='word_1_554' title='bbox 486 5021 597 5070; x_wconf 84' lang='lat' dir='ltr'>Manetho</span> <span class='ocrx_word' id='word_1_555' title='bbox 614 5018 759 5068; x_wconf 77' lang='lat' dir='ltr'>recensuisse</span> <span class='ocrx_word' id='word_1_556' title='bbox 771 5017 916 5078; x_wconf 80' lang='lat' dir='ltr'>pemibetur,</span> 
     </span>
     <span class='ocr_line' id='line_1_55' title="bbox 142 5085 915 5150; baseline 0 -16"><span class='ocrx_word' id='word_1_557' title='bbox 142 5102 197 5136; x_wconf 72' lang='lat' dir='ltr'>itum</span> <span class='ocrx_word' id='word_1_558' title='bbox 217 5089 328 5138; x_wconf 77' lang='lat' dir='ltr'>Africano</span> <span class='ocrx_word' id='word_1_559' title='bbox 339 5090 487 5150; x_wconf 71' lang='lat' dir='ltr'>manniae,</span> <span class='ocrx_word' id='word_1_560' title='bbox 504 5101 579 5150; x_wconf 73' lang='lat' dir='ltr'>ararim</span> <span class='ocrx_word' id='word_1_561' title='bbox 603 5089 633 5137; x_wconf 87' lang='lat' dir='ltr'>dc</span> <span class='ocrx_word' id='word_1_562' title='bbox 651 5087 749 5150; x_wconf 78' lang='lat' dir='ltr'>singulis</span> <span class='ocrx_word' id='word_1_563' title='bbox 760 5085 915 5146; x_wconf 75' lang='lat' dir='ltr'>dynastiisili·</span> 
     </span>
     <span class='ocr_line' id='line_1_56' title="bbox 142 5158 391 5220; baseline 0.008 -16"><span class='ocrx_word' id='word_1_564' title='bbox 142 5171 209 5207; x_wconf 79' lang='lat' dir='ltr'>versa</span> <span class='ocrx_word' id='word_1_565' title='bbox 219 5159 288 5220; x_wconf 87' lang='lat' dir='ltr'>piane</span> <span class='ocrx_word' id='word_1_566' title='bbox 298 5158 391 5207; x_wconf 86' lang='lat' dir='ltr'>habeat.</span> 
     </span>
    </p>
   </div>
   <div class='ocr_carea' id='block_1_5' title="bbox 961 2725 1747 4805">
    <p class='ocr_par' dir='ltr' id='par_1_5' title="bbox 961 2725 1747 4805">
     <span class='ocr_line' id='line_1_57' title="bbox 997 2725 1740 2789; baseline 0 -13"><span class='ocrx_word' id='word_1_567' title='bbox 997 2727 1028 2788; x_wconf 77' lang='lat'>(*)</span> <span class='ocrx_word' id='word_1_568' title='bbox 1041 2727 1166 2776; x_wconf 78' lang='lat' dir='ltr'>Eoecttiios</span> <span class='ocrx_word' id='word_1_569' title='bbox 1176 2727 1193 2776; x_wconf 92' lang='grc'>1.</span> <span class='ocrx_word' id='word_1_570' title='bbox 1210 2727 1225 2777; x_wconf 92' lang='lat' dir='ltr'>l.</span> <span class='ocrx_word' id='word_1_571' title='bbox 1238 2739 1262 2789; x_wconf 85' lang='lat' dir='ltr'>p.</span> <span class='ocrx_word' id='word_1_572' title='bbox 1280 2731 1342 2776; x_wconf 83' lang='lat' dir='ltr'>tit:</span> <span class='ocrx_word' id='word_1_573' title='bbox 1363 2728 1421 2775; x_wconf 70' lang='lat' dir='ltr'>alst</span> <span class='ocrx_word' id='word_1_574' title='bbox 1434 2738 1461 2774; x_wconf 82' lang='lat' dir='ltr'>es</span> <span class='ocrx_word' id='word_1_575' title='bbox 1480 2737 1535 2774; x_wconf 84' lang='lat' dir='ltr'>sam</span> <span class='ocrx_word' id='word_1_576' title='bbox 1558 2725 1657 2786; x_wconf 86' lang='lat' dir='ltr'>Beispiel</span> <span class='ocrx_word' id='word_1_577' title='bbox 1677 2729 1740 2776; x_wconf 83' lang='grc' dir='ltr'>ννοΙνΙ</span> 
     </span>
     <span class='ocr_line' id='line_1_58' title="bbox 964 2793 1741 2855; baseline -0.003 -11"><span class='ocrx_word' id='word_1_578' title='bbox 964 2793 1079 2853; x_wconf 75' lang='lat' dir='ltr'>dealbat,</span> <span class='ocrx_word' id='word_1_579' title='bbox 1093 2795 1148 2844; x_wconf 88' lang='lat' dir='ltr'>dass</span> <span class='ocrx_word' id='word_1_580' title='bbox 1157 2809 1184 2844; x_wconf 88' lang='lat' dir='ltr'>er</span> <span class='ocrx_word' id='word_1_581' title='bbox 1195 2795 1243 2844; x_wconf 89' lang='lat' dir='ltr'>deu</span> <span class='ocrx_word' id='word_1_582' title='bbox 1253 2795 1379 2855; x_wconf 82' lang='lat' dir='ltr'>AEthiopen</span> <span class='ocrx_word' id='word_1_583' title='bbox 1391 2799 1521 2854; x_wconf 74' lang='lat' dir='ltr'>Anamares,</span> <span class='ocrx_word' id='word_1_584' title='bbox 1532 2793 1576 2842; x_wconf 87' lang='lat' dir='ltr'>mit</span> <span class='ocrx_word' id='word_1_585' title='bbox 1590 2794 1705 2842; x_wconf 84' lang='lat' dir='ltr'>walchem</span> <span class='ocrx_word' id='word_1_586' title='bbox 1715 2811 1741 2843; x_wconf 84' lang='lat' dir='ltr'>er</span> 
     </span>
     <span class='ocr_line' id='line_1_59' title="bbox 965 2863 1739 2925; baseline -0.006 -9"><span class='ocrx_word' id='word_1_587' title='bbox 965 2865 1013 2924; x_wconf 83' lang='lat' dir='ltr'>isc.</span> <span class='ocrx_word' id='word_1_588' title='bbox 1023 2865 1155 2925; x_wconf 73' lang='lat' dir='ltr'>Eaoebius)</span> <span class='ocrx_word' id='word_1_589' title='bbox 1164 2901 1172 2925; x_wconf 92' lang='lat'>‚</span> <span class='ocrx_word' id='word_1_590' title='bbox 1182 2865 1274 2914; x_wconf 79' lang='lat' dir='ltr'>bellich</span> <span class='ocrx_word' id='word_1_591' title='bbox 1283 2863 1437 2925; x_wconf 79' lang='lat' dir='ltr'>uugescbiciit</span> <span class='ocrx_word' id='word_1_592' title='bbox 1445 2876 1536 2925; x_wconf 67' lang='lat' dir='ltr'>genua,</span> <span class='ocrx_word' id='word_1_593' title='bbox 1546 2863 1636 2911; x_wconf 86' lang='lat' dir='ltr'>dieder</span> <span class='ocrx_word' id='word_1_594' title='bbox 1647 2865 1739 2913; x_wconf 78' lang='lat' dir='ltr'>Ethio-</span> 
     </span>
     <span class='ocr_line' id='line_1_60' title="bbox 964 2934 1741 2996; baseline -0.003 -12"><span class='ocrx_word' id='word_1_595' title='bbox 964 2936 1060 2996; x_wconf 83' lang='lat' dir='ltr'>piscben</span> <span class='ocrx_word' id='word_1_596' title='bbox 1070 2935 1279 2996; x_wconf 76' lang='lat' dir='ltr'>baebiolgeudetu</span> <span class='ocrx_word' id='word_1_597' title='bbox 1286 2939 1307 2974; x_wconf 71' lang='lat'>¹0</span> <span class='ocrx_word' id='word_1_598' title='bbox 1315 2934 1429 2996; x_wconf 78' lang='lat' dir='ltr'>Dynastle</span> <span class='ocrx_word' id='word_1_599' title='bbox 1437 2934 1553 2994; x_wconf 54' lang='lat' dir='ltr'>waben</span> <span class='ocrx_word' id='word_1_600' title='bbox 1564 2934 1624 2993; x_wconf 77' lang='lat' dir='ltr'>tiss,</span> <span class='ocrx_word' id='word_1_601' title='bbox 1636 2934 1687 2982; x_wconf 88' lang='lat' dir='ltr'>rein</span> <span class='ocrx_word' id='word_1_602' title='bbox 1697 2947 1741 2982; x_wconf 84' lang='lat' dir='ltr'>aiis</span> 
     </span>
     <span class='ocr_line' id='line_1_61' title="bbox 963 3003 1741 3068; baseline -0.005 -14"><span class='ocrx_word' id='word_1_603' title='bbox 963 3005 1007 3054; x_wconf 85' lang='lat' dir='ltr'>dee</span> <span class='ocrx_word' id='word_1_604' title='bbox 1023 3006 1079 3055; x_wconf 82' lang='lat' dir='ltr'>buit</span> <span class='ocrx_word' id='word_1_605' title='bbox 1097 3005 1210 3068; x_wconf 78' lang='lat' dir='ltr'>gegriiieu</span> <span class='ocrx_word' id='word_1_606' title='bbox 1221 3005 1298 3053; x_wconf 78' lang='lat' dir='ltr'>habet</span> <span class='ocrx_word' id='word_1_607' title='bbox 1307 3004 1399 3053; x_wconf 87' lang='lat' dir='ltr'>sollteu</span> <span class='ocrx_word' id='word_1_608' title='bbox 1418 3004 1457 3051; x_wconf 90' lang='lat' dir='ltr'>die</span> <span class='ocrx_word' id='word_1_609' title='bbox 1469 3005 1581 3060; x_wconf 66' lang='lat' dir='ltr'>zanua,</span> <span class='ocrx_word' id='word_1_610' title='bbox 1591 3003 1638 3051; x_wconf 86' lang='lat' dir='ltr'>wie</span> <span class='ocrx_word' id='word_1_611' title='bbox 1650 3003 1688 3052; x_wconf 88' lang='lat' dir='ltr'>bei</span> <span class='ocrx_word' id='word_1_612' title='bbox 1697 3003 1741 3051; x_wconf 78' lang='lat' dir='ltr'>der</span> 
     </span>
     <span class='ocr_line' id='line_1_62' title="bbox 963 3068 1741 3134; baseline -0.001 -13"><span class='ocrx_word' id='word_1_613' title='bbox 963 3075 1083 3122; x_wconf 81' lang='lat' dir='ltr'>auoelttui</span> <span class='ocrx_word' id='word_1_614' title='bbox 1090 3068 1363 3134; x_wconf 80' lang='lat' dir='ltr'>Dyuastiederiiberdie</span> <span class='ocrx_word' id='word_1_615' title='bbox 1371 3071 1500 3122; x_wconf 86' lang='lat' dir='ltr'>staturdes</span> <span class='ocrx_word' id='word_1_616' title='bbox 1506 3071 1741 3131; x_wconf 74' lang='lat' dir='ltr'>sesostrisaucbsus</span> 
     </span>
     <span class='ocr_line' id='line_1_63' title="bbox 964 3141 1739 3204; baseline -0.001 -12"><span class='ocrx_word' id='word_1_617' title='bbox 964 3143 1088 3193; x_wconf 76' lang='lat' dir='ltr'>Africanus</span> <span class='ocrx_word' id='word_1_618' title='bbox 1098 3148 1253 3193; x_wconf 87' lang='lat' dir='ltr'>eatuommen</span> <span class='ocrx_word' id='word_1_619' title='bbox 1258 3142 1319 3204; x_wconf 88' lang='lat' dir='ltr'>sein,</span> <span class='ocrx_word' id='word_1_620' title='bbox 1330 3142 1438 3204; x_wconf 80' lang='lat' dir='ltr'>obgleich</span> <span class='ocrx_word' id='word_1_621' title='bbox 1446 3141 1481 3190; x_wconf 88' lang='lat' dir='ltr'>sie</span> <span class='ocrx_word' id='word_1_622' title='bbox 1492 3141 1517 3189; x_wconf 89' lang='lat' dir='ltr'>iu</span> <span class='ocrx_word' id='word_1_623' title='bbox 1529 3153 1638 3189; x_wconf 73' lang='lat' dir='ltr'>umuem</span> <span class='ocrx_word' id='word_1_624' title='bbox 1649 3142 1739 3191; x_wconf 78' lang='lat' dir='ltr'>sinu-</span> 
     </span>
     <span class='ocr_line' id='line_1_64' title="bbox 963 3209 1739 3274; baseline -0.004 -12"><span class='ocrx_word' id='word_1_625' title='bbox 963 3214 1070 3262; x_wconf 87' lang='lat' dir='ltr'>niscbem</span> <span class='ocrx_word' id='word_1_626' title='bbox 1077 3219 1186 3274; x_wconf 71' lang='lat' dir='ltr'>Awuge</span> <span class='ocrx_word' id='word_1_627' title='bbox 1199 3212 1291 3270; x_wconf 85' lang='lat' dir='ltr'>iehleu,</span> <span class='ocrx_word' id='word_1_628' title='bbox 1305 3210 1355 3260; x_wconf 90' lang='lat' dir='ltr'>und</span> <span class='ocrx_word' id='word_1_629' title='bbox 1365 3211 1416 3260; x_wconf 89' lang='lat' dir='ltr'>also</span> <span class='ocrx_word' id='word_1_630' title='bbox 1426 3209 1515 3259; x_wconf 83' lang='lat' dir='ltr'>wieder</span> <span class='ocrx_word' id='word_1_631' title='bbox 1524 3213 1573 3258; x_wconf 82' lang='lat' dir='ltr'>aest</span> <span class='ocrx_word' id='word_1_632' title='bbox 1585 3209 1625 3258; x_wconf 85' lang='lat' dir='ltr'>dic</span> <span class='ocrx_word' id='word_1_633' title='bbox 1636 3213 1739 3259; x_wconf 77' lang='lat' dir='ltr'>vorsus·</span> 
     </span>
     <span class='ocr_line' id='line_1_65' title="bbox 962 3279 1740 3346; baseline -0.004 -14"><span class='ocrx_word' id='word_1_634' title='bbox 962 3285 1061 3346; x_wconf 68' lang='lat' dir='ltr'>settim</span> <span class='ocrx_word' id='word_1_635' title='bbox 1078 3297 1108 3331; x_wconf 85' lang='lat' dir='ltr'>au</span> <span class='ocrx_word' id='word_1_636' title='bbox 1122 3282 1203 3332; x_wconf 89' lang='lat' dir='ltr'>bildeu</span> <span class='ocrx_word' id='word_1_637' title='bbox 1222 3285 1300 3343; x_wconf 75' lang='lat' dir='ltr'>wire,</span> <span class='ocrx_word' id='word_1_638' title='bbox 1323 3281 1366 3330; x_wconf 86' lang='lat' dir='ltr'>der</span> <span class='ocrx_word' id='word_1_639' title='bbox 1385 3280 1484 3330; x_wconf 81' lang='lat' dir='ltr'>letztere</span> <span class='ocrx_word' id='word_1_640' title='bbox 1502 3279 1537 3328; x_wconf 88' lang='lat' dir='ltr'>sei</span> <span class='ocrx_word' id='word_1_641' title='bbox 1557 3281 1740 3329; x_wconf 82' lang='lat' dir='ltr'>verstismmeit?</span> 
     </span>
     <span class='ocr_line' id='line_1_66' title="bbox 964 3349 1738 3414; baseline -0.005 -12"><span class='ocrx_word' id='word_1_642' title='bbox 964 3354 1033 3403; x_wconf 82' lang='lat' dir='ltr'>Dicae</span> <span class='ocrx_word' id='word_1_643' title='bbox 1052 3354 1246 3414; x_wconf 77' lang='lat' dir='ltr'>Vomussetzung</span> <span class='ocrx_word' id='word_1_644' title='bbox 1263 3352 1295 3400; x_wconf 89' lang='lat' dir='ltr'>ist</span> <span class='ocrx_word' id='word_1_645' title='bbox 1315 3351 1432 3400; x_wconf 61' lang='lat' dir='ltr'>wmebr</span> <span class='ocrx_word' id='word_1_646' title='bbox 1447 3349 1564 3412; x_wconf 61' lang='lat' dir='ltr'>mudena</span> <span class='ocrx_word' id='word_1_647' title='bbox 1583 3350 1738 3412; x_wconf 78' lang='lat' dir='ltr'>amatissig:</span> 
     </span>
     <span class='ocr_line' id='line_1_67' title="bbox 967 3418 1740 3486; baseline -0.008 -12"><span class='ocrx_word' id='word_1_648' title='bbox 967 3423 1061 3486; x_wconf 80' lang='lat' dir='ltr'>Syncell</span> <span class='ocrx_word' id='word_1_649' title='bbox 1076 3423 1118 3471; x_wconf 86' lang='lat' dir='ltr'>bat</span> <span class='ocrx_word' id='word_1_650' title='bbox 1131 3420 1180 3471; x_wconf 88' lang='lat' dir='ltr'>deu</span> <span class='ocrx_word' id='word_1_651' title='bbox 1189 3422 1334 3484; x_wconf 73' lang='lat' dir='ltr'>humugdes</span> <span class='ocrx_word' id='word_1_652' title='bbox 1346 3421 1463 3470; x_wconf 76' lang='lat' dir='ltr'>Eusebius</span> <span class='ocrx_word' id='word_1_653' title='bbox 1475 3432 1550 3482; x_wconf 77' lang='lat' dir='ltr'>genua</span> <span class='ocrx_word' id='word_1_654' title='bbox 1561 3418 1611 3467; x_wconf 89' lang='lat' dir='ltr'>und</span> <span class='ocrx_word' id='word_1_655' title='bbox 1621 3421 1740 3469; x_wconf 66' lang='lat' dir='ltr'>volutan-</span> 
     </span>
     <span class='ocr_line' id='line_1_68' title="bbox 963 3488 1740 3555; baseline -0.005 -13"><span class='ocrx_word' id='word_1_656' title='bbox 963 3493 1003 3555; x_wconf 79' lang='lat' dir='ltr'>dig</span> <span class='ocrx_word' id='word_1_657' title='bbox 1012 3492 1219 3554; x_wconf 70' lang='lat' dir='ltr'>wiedergeaebem</span> <span class='ocrx_word' id='word_1_658' title='bbox 1235 3491 1285 3540; x_wconf 85' lang='lat' dir='ltr'>also</span> <span class='ocrx_word' id='word_1_659' title='bbox 1300 3503 1366 3541; x_wconf 88' lang='lat' dir='ltr'>muss</span> <span class='ocrx_word' id='word_1_660' title='bbox 1382 3503 1438 3539; x_wconf 86' lang='lat' dir='ltr'>msa</span> <span class='ocrx_word' id='word_1_661' title='bbox 1451 3489 1502 3538; x_wconf 89' lang='lat' dir='ltr'>ihm</span> <span class='ocrx_word' id='word_1_662' title='bbox 1515 3488 1554 3537; x_wconf 85' lang='lat' dir='ltr'>dic</span> <span class='ocrx_word' id='word_1_663' title='bbox 1565 3489 1740 3550; x_wconf 80' lang='lat' dir='ltr'>Gereciitigieit</span> 
     </span>
     <span class='ocr_line' id='line_1_69' title="bbox 962 3559 1738 3622; baseline -0.006 -11"><span class='ocrx_word' id='word_1_664' title='bbox 962 3563 1120 3613; x_wconf 65' lang='lat' dir='ltr'>ubertatum</span> <span class='ocrx_word' id='word_1_665' title='bbox 1139 3563 1229 3622; x_wconf 77' lang='lat' dir='ltr'>iussu,</span> <span class='ocrx_word' id='word_1_666' title='bbox 1249 3575 1276 3610; x_wconf 84' lang='lat' dir='ltr'>er</span> <span class='ocrx_word' id='word_1_667' title='bbox 1294 3561 1356 3611; x_wconf 88' lang='lat' dir='ltr'>habe</span> <span class='ocrx_word' id='word_1_668' title='bbox 1366 3559 1474 3610; x_wconf 72' lang='lat' dir='ltr'>dauelbe</span> <span class='ocrx_word' id='word_1_669' title='bbox 1485 3560 1511 3607; x_wconf 88' lang='lat' dir='ltr'>ia</span> <span class='ocrx_word' id='word_1_670' title='bbox 1528 3561 1604 3618; x_wconf 68' lang='lat' dir='ltr'>Baua</span> <span class='ocrx_word' id='word_1_671' title='bbox 1619 3559 1663 3607; x_wconf 88' lang='lat' dir='ltr'>aui</span> <span class='ocrx_word' id='word_1_672' title='bbox 1676 3561 1738 3607; x_wconf 79' lang='lat' dir='ltr'>Airi-</span> 
     </span>
     <span class='ocr_line' id='line_1_70' title="bbox 962 3626 1739 3694; baseline -0.006 -13"><span class='ocrx_word' id='word_1_673' title='bbox 962 3645 1037 3682; x_wconf 86' lang='lat' dir='ltr'>cauus</span> <span class='ocrx_word' id='word_1_674' title='bbox 1047 3632 1144 3694; x_wconf 79' lang='lat' dir='ltr'>gethan.</span> <span class='ocrx_word' id='word_1_675' title='bbox 1156 3633 1244 3680; x_wconf 82' lang='lat' dir='ltr'>Eerner</span> <span class='ocrx_word' id='word_1_676' title='bbox 1254 3631 1348 3679; x_wconf 78' lang='lat' dir='ltr'>stimant</span> <span class='ocrx_word' id='word_1_677' title='bbox 1359 3629 1398 3677; x_wconf 91' lang='lat' dir='ltr'>die</span> <span class='ocrx_word' id='word_1_678' title='bbox 1408 3631 1446 3676; x_wconf 75' lang='lat'>27.</span> <span class='ocrx_word' id='word_1_679' title='bbox 1458 3633 1498 3677; x_wconf 78' lang='lat'>²9.</span> <span class='ocrx_word' id='word_1_680' title='bbox 1508 3626 1559 3675; x_wconf 89' lang='lat' dir='ltr'>und</span> <span class='ocrx_word' id='word_1_681' title='bbox 1577 3633 1616 3676; x_wconf 80' lang='lat' dir='ltr'>ao.</span> <span class='ocrx_word' id='word_1_682' title='bbox 1628 3629 1739 3688; x_wconf 82' lang='lat' dir='ltr'>bynsstie</span> 
     </span>
     <span class='ocr_line' id='line_1_71' title="bbox 962 3696 1747 3750; baseline -0.008 0"><span class='ocrx_word' id='word_1_683' title='bbox 962 3701 1005 3750; x_wconf 88' lang='lat' dir='ltr'>der</span> <span class='ocrx_word' id='word_1_684' title='bbox 1017 3700 1178 3750; x_wconf 85' lang='lat' dir='ltr'>Eusebiscbeu</span> <span class='ocrx_word' id='word_1_685' title='bbox 1185 3699 1316 3748; x_wconf 77' lang='lat' dir='ltr'>hedaction</span> <span class='ocrx_word' id='word_1_686' title='bbox 1327 3698 1370 3747; x_wconf 84' lang='lat' dir='ltr'>des</span> <span class='ocrx_word' id='word_1_687' title='bbox 1379 3698 1490 3747; x_wconf 84' lang='lat' dir='ltr'>biauetbo</span> <span class='ocrx_word' id='word_1_688' title='bbox 1499 3696 1566 3746; x_wconf 85' lang='lat' dir='ltr'>nicht</span> <span class='ocrx_word' id='word_1_689' title='bbox 1577 3697 1622 3745; x_wconf 89' lang='lat' dir='ltr'>mit</span> <span class='ocrx_word' id='word_1_690' title='bbox 1630 3697 1684 3745; x_wconf 89' lang='lat' dir='ltr'>dem</span> <span class='ocrx_word' id='word_1_691' title='bbox 1694 3701 1747 3746; x_wconf 76' lang='lat' dir='ltr'>itu-¹</span> 
     </span>
     <span class='ocr_line' id='line_1_72' title="bbox 964 3765 1738 3830; baseline -0.005 -10"><span class='ocrx_word' id='word_1_692' title='bbox 964 3771 1089 3821; x_wconf 87' lang='lat' dir='ltr'>sebiscbeu</span> <span class='ocrx_word' id='word_1_693' title='bbox 1102 3773 1185 3820; x_wconf 85' lang='lat' dir='ltr'>canon</span> <span class='ocrx_word' id='word_1_694' title='bbox 1198 3769 1311 3829; x_wconf 78' lang='lat' dir='ltr'>iiberein3</span> <span class='ocrx_word' id='word_1_695' title='bbox 1324 3768 1419 3830; x_wconf 76' lang='lat' dir='ltr'>iotgtich</span> <span class='ocrx_word' id='word_1_696' title='bbox 1433 3767 1475 3815; x_wconf 86' lang='lat' dir='ltr'>bat</span> <span class='ocrx_word' id='word_1_697' title='bbox 1490 3766 1606 3816; x_wconf 84' lang='lat' dir='ltr'>Eusebius</span> <span class='ocrx_word' id='word_1_698' title='bbox 1620 3765 1684 3814; x_wconf 75' lang='lat' dir='ltr'>diere</span> <span class='ocrx_word' id='word_1_699' title='bbox 1693 3769 1738 3828; x_wconf 78' lang='lat' dir='ltr'>by·</span> 
     </span>
     <span class='ocr_line' id='line_1_73' title="bbox 962 3834 1738 3900; baseline -0.006 -11"><span class='ocrx_word' id='word_1_700' title='bbox 962 3841 1084 3900; x_wconf 79' lang='lat' dir='ltr'>uastioen,</span> <span class='ocrx_word' id='word_1_701' title='bbox 1096 3839 1238 3900; x_wconf 81' lang='lat' dir='ltr'>uugeacbtet</span> <span class='ocrx_word' id='word_1_702' title='bbox 1259 3839 1294 3886; x_wconf 89' lang='lat' dir='ltr'>sie</span> <span class='ocrx_word' id='word_1_703' title='bbox 1306 3850 1355 3886; x_wconf 79' lang='lat' dir='ltr'>ron</span> <span class='ocrx_word' id='word_1_704' title='bbox 1370 3837 1447 3884; x_wconf 85' lang='lat' dir='ltr'>denen</span> <span class='ocrx_word' id='word_1_705' title='bbox 1459 3835 1502 3884; x_wconf 87' lang='lat' dir='ltr'>des</span> <span class='ocrx_word' id='word_1_706' title='bbox 1512 3834 1638 3884; x_wconf 75' lang='lat' dir='ltr'>hincarus</span> <span class='ocrx_word' id='word_1_707' title='bbox 1654 3835 1738 3885; x_wconf 82' lang='lat' dir='ltr'>abuei-</span> 
     </span>
     <span class='ocr_line' id='line_1_74' title="bbox 962 3904 1739 3970; baseline -0.005 -12"><span class='ocrx_word' id='word_1_708' title='bbox 962 3912 1032 3970; x_wconf 85' lang='lat' dir='ltr'>chen‚</span> <span class='ocrx_word' id='word_1_709' title='bbox 1045 3910 1112 3958; x_wconf 89' lang='lat' dir='ltr'>nicht</span> <span class='ocrx_word' id='word_1_710' title='bbox 1122 3909 1184 3957; x_wconf 86' lang='lat' dir='ltr'>uach</span> <span class='ocrx_word' id='word_1_711' title='bbox 1191 3907 1268 3956; x_wconf 85' lang='lat' dir='ltr'>seiner</span> <span class='ocrx_word' id='word_1_712' title='bbox 1278 3907 1452 3968; x_wconf 81' lang='lat' dir='ltr'>zeitrecliauug</span> <span class='ocrx_word' id='word_1_713' title='bbox 1461 3904 1664 3966; x_wconf 81' lang='lat' dir='ltr'>umgeuaudelt...</span> <span class='ocrx_word' id='word_1_714' title='bbox 1677 3907 1739 3955; x_wconf 84' lang='lat' dir='ltr'>Frei-</span> 
     </span>
     <span class='ocr_line' id='line_1_75' title="bbox 964 3972 1739 4033; baseline -0.006 -5"><span class='ocrx_word' id='word_1_715' title='bbox 964 3981 1010 4028; x_wconf 89' lang='lat' dir='ltr'>iich</span> <span class='ocrx_word' id='word_1_716' title='bbox 1022 3980 1065 4027; x_wconf 88' lang='lat' dir='ltr'>hat</span> <span class='ocrx_word' id='word_1_717' title='bbox 1077 3977 1193 4027; x_wconf 82' lang='lat' dir='ltr'>Eusebius</span> <span class='ocrx_word' id='word_1_718' title='bbox 1201 3977 1237 4025; x_wconf 85' lang='lat' dir='ltr'>oit</span> <span class='ocrx_word' id='word_1_719' title='bbox 1247 3975 1367 4024; x_wconf 83' lang='lat' dir='ltr'>dieseiben</span> <span class='ocrx_word' id='word_1_720' title='bbox 1380 3977 1467 4025; x_wconf 85' lang='lat' dir='ltr'>Worte</span> <span class='ocrx_word' id='word_1_721' title='bbox 1475 3974 1523 4022; x_wconf 83' lang='lat' dir='ltr'>uie</span> <span class='ocrx_word' id='word_1_722' title='bbox 1536 3972 1673 4033; x_wconf 56' lang='lat' dir='ltr'>biduanum</span> <span class='ocrx_word' id='word_1_723' title='bbox 1688 3975 1739 4024; x_wconf 80' lang='lat' dir='ltr'>dies</span> 
     </span>
     <span class='ocr_line' id='line_1_76' title="bbox 962 4042 1738 4107; baseline -0.008 -9"><span class='ocrx_word' id='word_1_724' title='bbox 962 4050 1050 4098; x_wconf 79' lang='lat' dir='ltr'>erhitn</span> <span class='ocrx_word' id='word_1_725' title='bbox 1056 4049 1107 4098; x_wconf 90' lang='lat' dir='ltr'>sicb</span> <span class='ocrx_word' id='word_1_726' title='bbox 1115 4048 1173 4096; x_wconf 85' lang='lat' dir='ltr'>aber</span> <span class='ocrx_word' id='word_1_727' title='bbox 1181 4045 1332 4107; x_wconf 73' lang='lat' dir='ltr'>hiulaengtieh</span> <span class='ocrx_word' id='word_1_728' title='bbox 1339 4044 1435 4106; x_wconf 74' lang='lat' dir='ltr'>danaus,</span> <span class='ocrx_word' id='word_1_729' title='bbox 1445 4044 1499 4092; x_wconf 85' lang='lat' dir='ltr'>dass</span> <span class='ocrx_word' id='word_1_730' title='bbox 1509 4044 1560 4092; x_wconf 86' lang='lat' dir='ltr'>ihre</span> <span class='ocrx_word' id='word_1_731' title='bbox 1568 4042 1669 4100; x_wconf 86' lang='lat' dir='ltr'>Quelleu</span> <span class='ocrx_word' id='word_1_732' title='bbox 1679 4043 1738 4093; x_wconf 85' lang='lat' dir='ltr'>biiu-</span> 
     </span>
     <span class='ocr_line' id='line_1_77' title="bbox 962 4112 1738 4180; baseline -0.008 -12"><span class='ocrx_word' id='word_1_733' title='bbox 962 4118 1211 4180; x_wconf 78' lang='lat' dir='ltr'>sigilbereinstimmeu</span> <span class='ocrx_word' id='word_1_734' title='bbox 1222 4116 1348 4174; x_wconf 87' lang='lat' dir='ltr'>mocbien,</span> <span class='ocrx_word' id='word_1_735' title='bbox 1360 4113 1410 4162; x_wconf 89' lang='lat' dir='ltr'>und</span> <span class='ocrx_word' id='word_1_736' title='bbox 1424 4113 1479 4163; x_wconf 84' lang='lat' dir='ltr'>dass</span> <span class='ocrx_word' id='word_1_737' title='bbox 1497 4112 1627 4173; x_wconf 83' lang='lat' dir='ltr'>Eusebius,</span> <span class='ocrx_word' id='word_1_738' title='bbox 1636 4113 1683 4161; x_wconf 84' lang='lat' dir='ltr'>uie</span> <span class='ocrx_word' id='word_1_739' title='bbox 1697 4126 1738 4162; x_wconf 87' lang='lat' dir='ltr'>ua-</span> 
     </span>
     <span class='ocr_line' id='line_1_78' title="bbox 962 4181 1738 4248; baseline -0.008 -11"><span class='ocrx_word' id='word_1_740' title='bbox 962 4189 1063 4248; x_wconf 85' lang='lat' dir='ltr'>tiiriicb,</span> <span class='ocrx_word' id='word_1_741' title='bbox 1081 4187 1143 4236; x_wconf 89' lang='lat' dir='ltr'>auch</span> <span class='ocrx_word' id='word_1_742' title='bbox 1157 4185 1200 4234; x_wconf 88' lang='lat' dir='ltr'>das</span> <span class='ocrx_word' id='word_1_743' title='bbox 1217 4183 1447 4246; x_wconf 76' lang='lat' dir='ltr'>chronographiscbe</span> <span class='ocrx_word' id='word_1_744' title='bbox 1465 4182 1540 4232; x_wconf 82' lang='lat' dir='ltr'>Wert</span> <span class='ocrx_word' id='word_1_745' title='bbox 1552 4181 1594 4230; x_wconf 87' lang='lat' dir='ltr'>des</span> <span class='ocrx_word' id='word_1_746' title='bbox 1611 4183 1738 4232; x_wconf 75' lang='lat' dir='ltr'>Africanus</span> 
     </span>
     <span class='ocr_line' id='line_1_79' title="bbox 963 4251 1737 4312; baseline -0.008 -5"><span class='ocrx_word' id='word_1_747' title='bbox 963 4271 1005 4306; x_wconf 85' lang='lat' dir='ltr'>vor</span> <span class='ocrx_word' id='word_1_748' title='bbox 1021 4257 1072 4306; x_wconf 88' lang='lat' dir='ltr'>sich</span> <span class='ocrx_word' id='word_1_749' title='bbox 1083 4257 1151 4305; x_wconf 87' lang='lat' dir='ltr'>batte</span> <span class='ocrx_word' id='word_1_750' title='bbox 1167 4253 1216 4302; x_wconf 86' lang='lat' dir='ltr'>aad</span> <span class='ocrx_word' id='word_1_751' title='bbox 1233 4253 1355 4302; x_wconf 85' lang='lat' dir='ltr'>beuutzte.</span> <span class='ocrx_word' id='word_1_752' title='bbox 1373 4251 1505 4312; x_wconf 79' lang='lat' dir='ltr'>Allerdiugs</span> <span class='ocrx_word' id='word_1_753' title='bbox 1521 4263 1588 4299; x_wconf 86' lang='lat' dir='ltr'>muss</span> <span class='ocrx_word' id='word_1_754' title='bbox 1604 4251 1737 4312; x_wconf 78' lang='lat' dir='ltr'>zugegebeu</span> 
     </span>
     <span class='ocr_line' id='line_1_80' title="bbox 961 4320 1736 4387; baseline -0.005 -13"><span class='ocrx_word' id='word_1_755' title='bbox 961 4327 1072 4387; x_wconf 85' lang='lat' dir='ltr'>werden,</span> <span class='ocrx_word' id='word_1_756' title='bbox 1083 4325 1138 4374; x_wconf 87' lang='lat' dir='ltr'>dass</span> <span class='ocrx_word' id='word_1_757' title='bbox 1148 4323 1264 4374; x_wconf 79' lang='lat' dir='ltr'>Eusebius</span> <span class='ocrx_word' id='word_1_758' title='bbox 1276 4325 1309 4372; x_wconf 91' lang='lat' dir='ltr'>im</span> <span class='ocrx_word' id='word_1_759' title='bbox 1321 4326 1418 4380; x_wconf 66' lang='lat' dir='ltr'>cauom</span> <span class='ocrx_word' id='word_1_760' title='bbox 1436 4323 1532 4382; x_wconf 82' lang='lat' dir='ltr'>Einiges</span> <span class='ocrx_word' id='word_1_761' title='bbox 1550 4320 1613 4369; x_wconf 82' lang='lat' dir='ltr'>aucti</span> <span class='ocrx_word' id='word_1_762' title='bbox 1632 4320 1696 4370; x_wconf 82' lang='lat' dir='ltr'>wohl</span> <span class='ocrx_word' id='word_1_763' title='bbox 1711 4321 1736 4370; x_wconf 90' lang='lat' dir='ltr'>in</span> 
     </span>
     <span class='ocr_line' id='line_1_81' title="bbox 962 4391 1737 4456; baseline -0.009 -9"><span class='ocrx_word' id='word_1_764' title='bbox 962 4397 1091 4456; x_wconf 86' lang='lat' dir='ltr'>bianetbo,</span> <span class='ocrx_word' id='word_1_765' title='bbox 1102 4392 1274 4455; x_wconf 78' lang='lat' dir='ltr'>eigeamicbtig</span> <span class='ocrx_word' id='word_1_766' title='bbox 1284 4393 1461 4454; x_wconf 73' lang='lat' dir='ltr'>augeschuitteu</span> <span class='ocrx_word' id='word_1_767' title='bbox 1473 4391 1543 4450; x_wconf 88' lang='lat' dir='ltr'>habe,</span> <span class='ocrx_word' id='word_1_768' title='bbox 1556 4403 1627 4439; x_wconf 82' lang='lat' dir='ltr'>uena</span> <span class='ocrx_word' id='word_1_769' title='bbox 1635 4403 1662 4439; x_wconf 84' lang='lat' dir='ltr'>er</span> <span class='ocrx_word' id='word_1_770' title='bbox 1670 4391 1737 4440; x_wconf 77' lang='lat' dir='ltr'>niem</span> 
     </span>
     <span class='ocr_line' id='line_1_82' title="bbox 961 4459 1738 4527; baseline -0.01 -11"><span class='ocrx_word' id='word_1_771' title='bbox 961 4467 1000 4516; x_wconf 76' lang='lat' dir='ltr'>sur</span> <span class='ocrx_word' id='word_1_772' title='bbox 1010 4466 1074 4515; x_wconf 87' lang='lat' dir='ltr'>selue</span> <span class='ocrx_word' id='word_1_773' title='bbox 1088 4477 1161 4527; x_wconf 64' lang='lat' dir='ltr'>muse</span> <span class='ocrx_word' id='word_1_774' title='bbox 1177 4463 1350 4524; x_wconf 74' lang='lat' dir='ltr'>zeitrechuung</span> <span class='ocrx_word' id='word_1_775' title='bbox 1364 4462 1439 4512; x_wconf 75' lang='lat' dir='ltr'>miron</span> <span class='ocrx_word' id='word_1_776' title='bbox 1454 4460 1524 4509; x_wconf 85' lang='lat' dir='ltr'>einen</span> <span class='ocrx_word' id='word_1_777' title='bbox 1534 4459 1663 4508; x_wconf 84' lang='lat' dir='ltr'>iiidiscben</span> <span class='ocrx_word' id='word_1_778' title='bbox 1679 4459 1738 4509; x_wconf 82' lang='lat' dir='ltr'>oder</span> 
     </span>
     <span class='ocr_line' id='line_1_83' title="bbox 962 4527 1737 4596; baseline -0.013 -10"><span class='ocrx_word' id='word_1_779' title='bbox 962 4535 1120 4587; x_wconf 87' lang='lat' dir='ltr'>christlichea</span> <span class='ocrx_word' id='word_1_780' title='bbox 1131 4535 1270 4596; x_wconf 72' lang='lat' dir='ltr'>Vorgiuger</span> <span class='ocrx_word' id='word_1_781' title='bbox 1285 4532 1361 4591; x_wconf 84' lang='lat' dir='ltr'>batte,</span> <span class='ocrx_word' id='word_1_782' title='bbox 1373 4543 1423 4578; x_wconf 89' lang='lat' dir='ltr'>was</span> <span class='ocrx_word' id='word_1_783' title='bbox 1430 4529 1492 4578; x_wconf 90' lang='lat' dir='ltr'>eben</span> <span class='ocrx_word' id='word_1_784' title='bbox 1500 4529 1568 4578; x_wconf 88' lang='lat' dir='ltr'>nicht</span> <span class='ocrx_word' id='word_1_785' title='bbox 1576 4527 1737 4578; x_wconf 84' lang='lat' dir='ltr'>wabrschein·</span> 
     </span>
     <span class='ocr_line' id='line_1_84' title="bbox 961 4597 1736 4664; baseline -0.012 -9"><span class='ocrx_word' id='word_1_786' title='bbox 961 4607 1010 4655; x_wconf 89' lang='lat' dir='ltr'>licb</span> <span class='ocrx_word' id='word_1_787' title='bbox 1022 4607 1065 4664; x_wconf 87' lang='lat' dir='ltr'>ist;</span> <span class='ocrx_word' id='word_1_788' title='bbox 1076 4605 1125 4653; x_wconf 90' lang='lat' dir='ltr'>und</span> <span class='ocrx_word' id='word_1_789' title='bbox 1137 4601 1282 4653; x_wconf 87' lang='lat' dir='ltr'>nsmeutlicb</span> <span class='ocrx_word' id='word_1_790' title='bbox 1293 4600 1347 4649; x_wconf 86' lang='lat' dir='ltr'>dass</span> <span class='ocrx_word' id='word_1_791' title='bbox 1357 4613 1383 4649; x_wconf 89' lang='lat' dir='ltr'>es</span> <span class='ocrx_word' id='word_1_792' title='bbox 1392 4601 1441 4648; x_wconf 91' lang='lat' dir='ltr'>ihm</span> <span class='ocrx_word' id='word_1_793' title='bbox 1452 4599 1567 4661; x_wconf 75' lang='lat' dir='ltr'>gelungen</span> <span class='ocrx_word' id='word_1_794' title='bbox 1580 4598 1624 4657; x_wconf 84' lang='lat' dir='ltr'>ist,</span> <span class='ocrx_word' id='word_1_795' title='bbox 1633 4597 1679 4646; x_wconf 86' lang='lat' dir='ltr'>deu</span> <span class='ocrx_word' id='word_1_796' title='bbox 1687 4603 1736 4647; x_wconf 78' lang='lat' dir='ltr'>Aa·</span> 
     </span>
     <span class='ocr_line' id='line_1_85' title="bbox 962 4666 1737 4738; baseline -0.015 -13"><span class='ocrx_word' id='word_1_797' title='bbox 962 4677 1017 4738; x_wconf 80' lang='lat' dir='ltr'>lang</span> <span class='ocrx_word' id='word_1_798' title='bbox 1027 4675 1070 4724; x_wconf 86' lang='lat' dir='ltr'>der</span> <span class='ocrx_word' id='word_1_799' title='bbox 1080 4682 1115 4724; x_wconf 82' lang='grc'>16.</span> <span class='ocrx_word' id='word_1_800' title='bbox 1125 4673 1237 4735; x_wconf 83' lang='lat' dir='ltr'>bynastie</span> <span class='ocrx_word' id='word_1_801' title='bbox 1249 4669 1337 4732; x_wconf 80' lang='lat' dir='ltr'>gerade</span> <span class='ocrx_word' id='word_1_802' title='bbox 1348 4671 1394 4718; x_wconf 87' lang='lat' dir='ltr'>aui</span> <span class='ocrx_word' id='word_1_803' title='bbox 1405 4669 1448 4717; x_wconf 89' lang='lat' dir='ltr'>das</span> <span class='ocrx_word' id='word_1_804' title='bbox 1461 4671 1523 4717; x_wconf 83' lang='lat' dir='ltr'>erste</span> <span class='ocrx_word' id='word_1_805' title='bbox 1539 4667 1599 4717; x_wconf 85' lang='lat' dir='ltr'>Jsbr</span> <span class='ocrx_word' id='word_1_806' title='bbox 1607 4666 1650 4714; x_wconf 87' lang='lat' dir='ltr'>des</span> <span class='ocrx_word' id='word_1_807' title='bbox 1661 4667 1737 4715; x_wconf 78' lang='lat' dir='ltr'>Abra·</span> 
     </span>
     <span class='ocr_line' id='line_1_86' title="bbox 962 4735 1735 4805; baseline -0.016 -12"><span class='ocrx_word' id='word_1_808' title='bbox 962 4747 1018 4794; x_wconf 85' lang='lat' dir='ltr'>ham</span> <span class='ocrx_word' id='word_1_809' title='bbox 1028 4744 1178 4805; x_wconf 80' lang='lat' dir='ltr'>zahringen,</span> <span class='ocrx_word' id='word_1_810' title='bbox 1192 4741 1241 4790; x_wconf 90' lang='lat' dir='ltr'>und</span> <span class='ocrx_word' id='word_1_811' title='bbox 1250 4753 1278 4789; x_wconf 90' lang='lat' dir='ltr'>so</span> <span class='ocrx_word' id='word_1_812' title='bbox 1289 4738 1452 4788; x_wconf 77' lang='lat' dir='ltr'>volllommen</span> <span class='ocrx_word' id='word_1_813' title='bbox 1465 4737 1501 4786; x_wconf 83' lang='lat' dir='ltr'>bis</span> <span class='ocrx_word' id='word_1_814' title='bbox 1510 4750 1553 4785; x_wconf 85' lang='lat' dir='ltr'>aaa</span> <span class='ocrx_word' id='word_1_815' title='bbox 1566 4735 1631 4785; x_wconf 86' lang='lat' dir='ltr'>Eade</span> <span class='ocrx_word' id='word_1_816' title='bbox 1641 4735 1735 4783; x_wconf 87' lang='lat' dir='ltr'>mitsei·</span> 
     </span>
    </p>
   </div>
   <div class='ocr_carea' id='block_1_6' title="bbox 961 4805 1736 5208">
    <p class='ocr_par' dir='ltr' id='par_1_6' title="bbox 961 4805 1736 5208">
     <span class='ocr_line' id='line_1_87' title="bbox 962 4805 1735 4872; baseline -0.017 -7"><span class='ocrx_word' id='word_1_817' title='bbox 962 4830 1008 4865; x_wconf 91' lang='lat' dir='ltr'>nea</span> <span class='ocrx_word' id='word_1_818' title='bbox 1018 4819 1141 4866; x_wconf 73' lang='lat' dir='ltr'>Amatam</span> <span class='ocrx_word' id='word_1_819' title='bbox 1151 4812 1333 4872; x_wconf 83' lang='lat' dir='ltr'>sussureicben,</span> <span class='ocrx_word' id='word_1_820' title='bbox 1343 4810 1454 4859; x_wconf 67' lang='lat' dir='ltr'>meires</span> <span class='ocrx_word' id='word_1_821' title='bbox 1462 4821 1534 4870; x_wconf 75' lang='lat' dir='ltr'>gagen</span> <span class='ocrx_word' id='word_1_822' title='bbox 1543 4809 1592 4856; x_wconf 86' lang='lat' dir='ltr'>iba.</span> <span class='ocrx_word' id='word_1_823' title='bbox 1606 4806 1669 4856; x_wconf 78' lang='lat' dir='ltr'>hbcr</span> <span class='ocrx_word' id='word_1_824' title='bbox 1680 4805 1735 4854; x_wconf 85' lang='lat' dir='ltr'>sehr</span> 
     </span>
     <span class='ocr_line' id='line_1_88' title="bbox 965 4867 1735 4932; baseline -0.013 -9"><span class='ocrx_word' id='word_1_825' title='bbox 965 4879 1022 4926; x_wconf 78' lang='lat' dir='ltr'>sieta</span> <span class='ocrx_word' id='word_1_826' title='bbox 1044 4878 1121 4925; x_wconf 71' lang='lat' dir='ltr'>saum</span> <span class='ocrx_word' id='word_1_827' title='bbox 1138 4875 1294 4924; x_wconf 85' lang='lat' dir='ltr'>scheinbarea</span> <span class='ocrx_word' id='word_1_828' title='bbox 1311 4873 1469 4932; x_wconf 80' lang='lat' dir='ltr'>Neueruugeu</span> <span class='ocrx_word' id='word_1_829' title='bbox 1489 4870 1584 4918; x_wconf 77' lang='lat' dir='ltr'>konnen</span> <span class='ocrx_word' id='word_1_830' title='bbox 1608 4867 1675 4915; x_wconf 84' lang='lat' dir='ltr'>nictit</span> <span class='ocrx_word' id='word_1_831' title='bbox 1694 4867 1735 4914; x_wconf 89' lang='lat' dir='ltr'>aui</span> 
     </span>
     <span class='ocr_line' id='line_1_89' title="bbox 961 4935 1736 5006; baseline -0.017 -12"><span class='ocrx_word' id='word_1_832' title='bbox 961 4947 1025 4995; x_wconf 84' lang='lat' dir='ltr'>seiae</span> <span class='ocrx_word' id='word_1_833' title='bbox 1034 4945 1164 5006; x_wconf 81' lang='lat' dir='ltr'>Eeciinuug</span> <span class='ocrx_word' id='word_1_834' title='bbox 1172 4943 1297 5000; x_wconf 76' lang='lat' dir='ltr'>hommes,</span> <span class='ocrx_word' id='word_1_835' title='bbox 1307 4939 1357 4988; x_wconf 87' lang='lat' dir='ltr'>oud</span> <span class='ocrx_word' id='word_1_836' title='bbox 1366 4940 1404 4988; x_wconf 83' lang='lat' dir='ltr'>ich</span> <span class='ocrx_word' id='word_1_837' title='bbox 1414 4937 1494 4987; x_wconf 82' lang='lat' dir='ltr'>werde</span> <span class='ocrx_word' id='word_1_838' title='bbox 1506 4939 1547 4985; x_wconf 92' lang='lat' dir='ltr'>ihu</span> <span class='ocrx_word' id='word_1_839' title='bbox 1556 4935 1701 4985; x_wconf 87' lang='lat' dir='ltr'>nameutiicb</span> <span class='ocrx_word' id='word_1_840' title='bbox 1710 4935 1736 4981; x_wconf 88' lang='lat' dir='ltr'>iu</span> 
     </span>
     <span class='ocr_line' id='line_1_90' title="bbox 962 5003 1734 5076; baseline -0.021 -12"><span class='ocrx_word' id='word_1_841' title='bbox 962 5017 1040 5076; x_wconf 80' lang='lat' dir='ltr'>Beaug</span> <span class='ocrx_word' id='word_1_842' title='bbox 1053 5015 1096 5062; x_wconf 86' lang='lat' dir='ltr'>aui</span> <span class='ocrx_word' id='word_1_843' title='bbox 1106 5015 1171 5062; x_wconf 87' lang='lat' dir='ltr'>seiae</span> <span class='ocrx_word' id='word_1_844' title='bbox 1185 5019 1220 5061; x_wconf 78' lang='lat' dir='ltr'>ts.</span> <span class='ocrx_word' id='word_1_845' title='bbox 1236 5009 1349 5073; x_wconf 81' lang='lat' dir='ltr'>Dynastie</span> <span class='ocrx_word' id='word_1_846' title='bbox 1369 5006 1527 5066; x_wconf 79' lang='lat' dir='ltr'>vollstiudig‚</span> <span class='ocrx_word' id='word_1_847' title='bbox 1538 5005 1586 5052; x_wconf 82' lang='lat' dir='ltr'>wie</span> <span class='ocrx_word' id='word_1_848' title='bbox 1599 5003 1640 5050; x_wconf 90' lang='lat' dir='ltr'>ich</span> <span class='ocrx_word' id='word_1_849' title='bbox 1655 5003 1734 5060; x_wconf 75' lang='lat' dir='ltr'>liobe,</span> 
     </span>
     <span class='ocr_line' id='line_1_91' title="bbox 962 5068 1736 5142; baseline -0.021 -11"><span class='ocrx_word' id='word_1_850' title='bbox 962 5083 1138 5142; x_wconf 75' lang='lat' dir='ltr'>rectitiertigeu.</span> <span class='ocrx_word' id='word_1_851' title='bbox 1152 5079 1392 5137; x_wconf 76' lang='lat' dir='ltr'>NseliUeberlegung</span> <span class='ocrx_word' id='word_1_852' title='bbox 1407 5076 1467 5124; x_wconf 73' lang='lat' dir='ltr'>alias</span> <span class='ocrx_word' id='word_1_853' title='bbox 1481 5072 1643 5133; x_wconf 77' lang='lat' dir='ltr'>Angeiuhrten</span> <span class='ocrx_word' id='word_1_854' title='bbox 1657 5068 1736 5117; x_wconf 77' lang='lat' dir='ltr'>ducite</span> 
     </span>
     <span class='ocr_line' id='line_1_92' title="bbox 962 5139 1735 5208; baseline -0.017 -7"><span class='ocrx_word' id='word_1_855' title='bbox 962 5153 1013 5201; x_wconf 74' lang='lat' dir='ltr'>sich</span> <span class='ocrx_word' id='word_1_856' title='bbox 1022 5163 1066 5200; x_wconf 91' lang='lat' dir='ltr'>aus</span> <span class='ocrx_word' id='word_1_857' title='bbox 1085 5152 1148 5200; x_wconf 84' lang='lat' dir='ltr'>aileu</span> <span class='ocrx_word' id='word_1_858' title='bbox 1160 5146 1382 5208; x_wconf 76' lang='lat' dir='ltr'>scheierigkeitea,</span> <span class='ocrx_word' id='word_1_859' title='bbox 1397 5145 1446 5192; x_wconf 89' lang='lat' dir='ltr'>und</span> <span class='ocrx_word' id='word_1_860' title='bbox 1461 5155 1505 5192; x_wconf 89' lang='lat' dir='ltr'>aus</span> <span class='ocrx_word' id='word_1_861' title='bbox 1522 5142 1576 5189; x_wconf 84' lang='lat' dir='ltr'>dein</span> <span class='ocrx_word' id='word_1_862' title='bbox 1595 5139 1735 5200; x_wconf 79' lang='lat' dir='ltr'>labyrinthi·</span> 
     </span>
    </p>
   </div>
   <div class='ocr_carea' id='block_1_7' title="bbox 1560 5266 1585 5302">
    <p class='ocr_par' dir='ltr' id='par_1_7' title="bbox 1560 5266 1585 5302">
     <span class='ocr_line' id='line_1_93' title="bbox 1560 5266 1585 5302; baseline 0 0"><span class='ocrx_word' id='word_1_863' title='bbox 1560 5266 1585 5302; x_wconf 79' lang='lat'>³3</span> 
     </span>
    </p>
   </div>
   <div class='ocr_carea' id='block_1_8' title="bbox 0 0 1922 5767">
    <p class='ocr_par' dir='ltr' id='par_1_8' title="bbox 0 0 1922 5767">
     <span class='ocr_line' id='line_1_94' title="bbox 0 0 1922 5767; baseline 0 1"><span class='ocrx_word' id='word_1_864' title='bbox 0 0 1922 5767; x_wconf 95' lang='lat' dir='ltr'> </span> 
     </span>
    </p>
   </div>
  </div>
 </body>
</html>
