3834 5767
167 211 250 338 ,ιιι
769 264 1005 326 utuncttlttts
1027 262 1219 324 Ponticus

191 411 222 464 in
238 407 316 463 libris
327 404 458 461 omnibus
469 400 596 476 quadam
607 398 721 470 trajecta
732 409 796 452 sunt
809 407 837 452 et
850 398 879 452 in
896 397 963 450 alie·
1008 397 1164 451 vicinarum
1174 392 1365 450 similitudine.
1382 393 1437 446 Tot
1450 401 1591 465 tantaeque
1603 391 1693 446 turbas
1714 411 1791 465 quo-
1887 444 1888 455 ,

192 511 257 547 nam
271 491 366 548 sedern
386 491 557 564 migrarunt3
576 487 656 540 alia'
649 505 678 538 ιιι
693 485 846 556 archetypo
866 483 910 536 vel
927 480 964 536 ad
1007 481 1095 538 modo
1114 491 1183 538 ortae
1199 483 1275 548 sint,
1292 481 1399 552 optime
1420 480 1614 571 explicatur
1592 498 1615 534 si
1632 488 1789 534 statuamus

192 579 347 651 marginem
366 577 410 630 vel
430 577 502 629 iuter
520 589 615 627 versus
631 589 685 644 pro
701 588 761 624 var.
782 571 845 624 lcct.
868 577 964 622 notata
1008 569 1162 642 fragmenta
1184 578 1278 622 nostra
1297 569 1413 622 cinnum
1425 585 1483 622 esse
1501 585 1537 622 ex
1548 567 1715 638 pluribus'
1697 585 1793 666 iusque

193 683 269 718 nuuc
286 662 444 718 deformant
461 670 597 715 textum.
612 657 739 728 exempla
756 666 838 710 sunto
853 654 889 711 fr.
911 651 963 720 38,
1008 654 1124 711 diversis
1155 655 1235 710 libris
1261 665 1497 728 coagmentamm.
1526 655 1626 708 Priora
1658 655 1791 754 quinque

193 751 230 807 ιι.
256 768 288 818 17
310 759 395 816 extu,
419 747 453 804 fr.
476 765 502 813 1,
522 745 539 800 3
560 755 588 799 ct
605 762 650 798 ιο.
674 743 772 798 Errori
791 742 850 796 hac
864 741 966 794 merito
1008 741 1163 816 fragmenta
1174 759 1241 796 vere
1253 742 1369 814 politica
1380 741 1678 812 fuerint31eliquamsi
1688 741 1787 794 omnia
1887 776 1888 783 ,

194 837 368 908 imputantur
382 853 389 888 :
405 833 440 888 ab
453 831 675 904 interpolationis
687 829 869 903 protervitate
883 844 966 900 pror·
1010 838 1087 884 certe
1103 829 1239 900 plurima,
1259 846 1294 882 ex
1316 827 1377 882 ali'n
1398 826 1554 883 Heraclidis
1576 827 1689 882 Pontici
1708 827 1794 880 libris

194 941 238 976 sus
254 932 366 989 vacant,
387 920 477 975 doctae
489 917 603 992 quidem
620 915 841 989 interpolationis
859 925 887 968 ct
905 931 967 985 quae
1011 913 1246 987 depromptam
1257 913 1558 985 videntur,scilicetex
1565 930 1653 985 opere
1664 910 1735 988 ssepi
1746 911 1791 979 νή-
1887 944 1888 947 =

194 1009 289 1062 liscum
306 1007 397 1062 lacere
416 1004 604 1078 prudentibus
619 1003 716 1075 possit.
735 1003 825 1056 Pauca
839 999 968 1072 quadam
1012 1020 1064 1056 σοιν
1079 1002 1088 1071 l
1101 1002 1137 1058 ιι.
1150 1019 1177 1069 7.
1197 1000 1226 1057 8.
1240 1019 1270 1074 9.
1289 998 1456 1056 10.1a.13.
1475 1017 1520 1070 ¹9·
1540 1005 1588 1064 al.
1604 999 1653 1057 uli.
1672 999 1724 1054 31.
1740 1000 1790 1056 32.

194 1089 969 1166 ejusmodisimplicitatemetinnocentiamglossatoruru
1014 1087 1062 1144 36.
1077 1087 1124 1156 37.
1138 1084 1371 1160 lo),el(riceuv
1384 1086 1463 1140 libris
1476 1085 1524 1155 (ir.
1543 1085 1588 1142 18.
1603 1104 1653 1143 ar
1672 1086 1721 1140 ab.
1740 1088 1789 1140 aa.
1887 1086 1888 1155 l

194 1181 334 1254 produnt,
348 1179 434 1234 veluti
447 1178 483 1232 fr.
503 1197 534 1246 r,
548 1176 618 1231 aad
627 1172 670 1230 in
684 1172 727 1250 iri-q
739 1195 783 1230 και
773 1170 872 1248 ὁμοιρ
891 1172 970 1243 adje-
1014 1171 1087 1246 30),
1102 1173 1205 1228 elibro
1216 1169 1282 1247 Περι
1295 1170 1431 1245 ὀνομάτων
1445 1182 1473 1225 et
1487 1171 1602 1226 sortasse
1616 1173 1671 1226 alia
1684 1174 1796 1226 exulus

196 1279 295 1324 cerunt
306 1267 384 1320 alteri
396 1262 491 1342 μοιρα,
505 1263 583 1319 alteri
594 1281 672 1336 τιιιη
686 1261 721 1318 ir.
736 1261 865 1333 idquum
879 1259 969 1316 Φασιν
1012 1260 1130 1332 scriptis
1146 1259 1276 1315 Fundum
1290 1259 1794 1333 fragmentorumepoliticisetgeo-

195 1349 271 1416 τὸέξ
293 1352 375 1428 ἀρχῆς
396 1348 512 1426 Ηνιοχοι
535 1343 669 1404 κατιῖιιιουν
694 1347 746 1401 sibi
770 1341 848 1423 φασιν
871 1345 970 1400 audire
1012 1347 1152 1419 graphicis
1164 1346 1298 1418 operibus
1313 1345 1631 1417 Heraclidisemeputat
1649 1347 1791 1418 petitum3

107 1470 112 1478 ·
195 1439 369 1502 viderentur,
383 1433 484 1514 ριισλνζ
472 1409 613 1499 seriari.
626 1443 781 1506 posueruut
794 1441 848 1486 etc.
865 1461 904 1474 -
917 1432 970 1487 ΑΙ·
1014 1431 1118 1486 deiude
1140 1430 1177 1487 ad
1198 1433 1352 1505 marginem
1374 1443 1507 1486 annotata
1527 1449 1563 1486 ex
1582 1432 1644 1486 aliis
1665 1431 1792 1502 ejusdem

197 1534 343 1578 terautem
357 1519 643 1594 librariusldicebam
657 1519 732 1574 cuim
743 1519 888 1571 minimum
899 1515 972 1570 duos
1014 1517 1138 1572 auctoris
1159 1519 1307 1573 librisesse
1330 1529 1424 1572 censet
1442 1519 1540 1572 similia
1563 1517 1712 1588 quadam,
1732 1537 1796 1590 quae
1887 1558 1888 1561 ,

122 1649 124 1654 -
197 1611 378 1681 archetypum
411 1608 539 1662 codicem
566 1603 757 1686 descripsisse)
784 1604 972 1676 superstitiose
1014 1612 1111 1674 postca
1120 1621 1150 1656 ιιι
1161 1613 1322 1658 contextum
1343 1604 1469 1686 illapsa
1454 1603 1584 1658 ordinem
1601 1603 1793 1657 turbaverint.
1887 1650 1888 1655 ,

197 1696 339 1766 exemplar
352 1711 434 1749 suum
447 1693 569 1747 imitatus
580 1701 635 1758 est,
647 1691 717 1745 alter
728 1691 802 1744 lectu
812 1687 973 1744 difficiliora
1015 1688 1139 1742 'situlum
1154 1686 1220 1765 ssepi
1234 1689 1369 1744 πολιτειῶν
1376 1666 1798 1762 ,inejusmodirerumconge-
1887 1708 1888 1751 l

198 1781 357 1836 transmisit.
371 1780 474 1834 Peioris
490 1778 597 1832 familia.
608 1777 739 1830 codicum
748 1785 829 1830 testes
840 1775 974 1830 habemus
1016 1775 1086 1828 riem
1095 1775 1376 1844 minimecadentem,
1390 1775 1534 1831 alibrario
1543 1773 1639 1830 lictum
1649 1793 1709 1830 esse
1719 1788 1796 1848 post·
1887 1782 1888 1797 ¹

199 1879 268 1934 tres,
281 1867 358 1920 ΑΒΕ
366 1906 374 1936 ,
388 1866 501 1924 alterius
515 1865 655 1935 reliquos,
669 1863 737 1934 qni,
751 1873 783 1916 ut
799 1859 852 1916 fit'
845 1881 874 1916 m
888 1864 973 1917 ιιονι-
1017 1879 1103 1933 quam
1113 1879 1194 1915 verus
1207 1861 1302 1916 titulus
1313 1859 1321 1936 (
1329 1879 1357 1916 v.
1367 1881 1393 1919 c.
1408 1858 1553 1938 Συναγωγὴ
1565 1861 1687 1938 ἱστοριῶν
1697 1864 1782 1916 vel'
1761 1883 1796 1916 si·
1887 1856 1888 1889 ³

199 1954 248 2008 ciis
259 1953 354 2020 libris,
364 1951 466 2025 singuli
481 1951 596 2024 singulis
609 1949 756 2022 erroribus¹
766 1950 901 2022 inquinati
911 1959 975 2004 sunt
1018 1947 1105 2020 milis)
1121 1946 1275 2002 excidisset.
1289 1949 1418 2020 Denique
1432 1960 1576 2003 auctorem
1588 1951 1796 2020 Excerptorum

200 2039 253 2093 sibi
266 2038 463 2111 peculiaribus.
479 2037 562 2092 Prior
575 2036 677 2090 familia
694 2053 783 2106 caque
803 2036 886 2109 longe
901 2037 974 2090 inte·
1019 2034 1100 2089 fuisse
1115 2036 1270 2107 suspicatur
1282 2036 1426 2090 Heronem
1439 2036 1580 2107 Atticum,
1595 2053 1681 2106 quem
1698 2035 1799 2090 Suidus

200 2126 279 2198 grior
292 2124 466 2178 conservavit
477 2140 539 2194 qua
549 2123 578 2176 in
592 2123 678 2176 altera
686 2121 796 2179 desunt.
808 2119 840 2178 V.
853 2123 887 2177 ιι.
903 2141 932 2194 9,
945 2140 973 2178 a.
1020 2116 1165 2192 Ἐπιτομὴν
1179 2121 1231 2174 τῶν
1243 2116 1414 2196 Ἡρακλείδου
1423 2120 1541 2197 ἱστοριῶν
1554 2121 1706 2176 coniecisse
1718 2132 1798 2176 testa-
1887 2154 1888 2165 .

204 2230 248 2266 ιι.
268 2228 314 2266 ao.
336 2228 385 2267 aa.
401 2207 449 2264 ιδ.
466 2227 513 2278 27.
534 2208 585 2276 31,
610 2227 634 2266 ι.
653 2207 705 2276 32,
721 2227 750 2262 u.
772 2209 876 2264 Contra
889 2208 932 2262 bis
948 2210 976 2262 in
1020 2217 1075 2263 tur.
1087 2209 1227 2262 Hactenus
1237 2208 1379 2262 Korlerus.
1395 2209 1449 2279 Qui
1460 2227 1522 2281 quae
1534 2208 1712 2264 deoratioue
1723 2210 1800 2264 etde

201 2298 299 2369 priore
319 2297 473 2368 intercepta
494 2305 559 2350 sunt
579 2295 713 2367 paucula,
736 2312 797 2366 qnae
824 2293 978 2348 deteriores
1022 2293 1129 2349 ordinis
1141 2294 1253 2348 delectu
1264 2295 1391 2361 monuit,
1411 2311 1443 2348 ea
1456 2296 1485 2348 iu
1496 2297 1657 2350 uuiversum
1675 2304 1757 2349 recte
1770 2315 1799 2350 se

200 2382 395 2438 custodierunt
420 2384 455 2437 V.
476 2380 556 2449 lr.8,
572 2399 600 2434 a.
627 2379 659 2448 3,
676 2399 703 2449 7.
726 2380 858 2434 Similiter
872 2379 978 2451 ubique
1020 2379 1135 2433 habent.
1159 2379 1278 2451 Reliqua
1299 2379 1373 2450 justo
1394 2378 1520 2452 pondere
1538 2391 1644 2437 carent
1663 2383 1751 2447 Nam,
1768 2393 1798 2434 ut

200 2470 351 2524 discrimen
364 2469 509 2540 utriusque
529 2467 640 2522 familia
658 2468 728 2521 mira
748 2467 891 2538 scripturae
914 2484 979 2520 con·
1022 2466 1088 2519 binc
1112 2465 1253 2532 exordiar,
1279 2467 1441 2521 Heraclides
1464 2468 1534 2536 ille,
1560 2467 1641 2539 cujus
1663 2465 1800 2522 Historias
1887 2504 1888 2541 ι

200 2558 299 2612 stantia
307 2553 586 2627 proditur...Tameu
595 2572 709 2626 prorsus
723 2555 814 2626 respui
827 2553 980 2608 deteriores
1024 2553 1122 2606 Heron
1134 2553 1301 2624 excerpsisse
1319 2552 1433 2621 dicitur,
1455 2554 1664 2625 proculdubio
1684 2573 1746 2608 non
1760 2567 1800 2610 est
1887 2552 1889 2613 l

204 2643 315 2698 codices
328 2659 387 2696 nou
397 2651 550 2713 poteraut:
572 2657 638 2694 nam
652 2639 688 2694 ad
702 2637 787 2694 lidem
799 2640 979 2694 librariorum
1025 2629 1187 2693 Heraclides
1202 2640 1350 2705 Ponticus,
1366 2658 1451 2711 quem
1465 2636 1591 2717 Ἱστορίας
1604 2644 1796 2714 composuisse
1887 2638 1888 2641 '

204 2730 253 2800 qni
271 2729 402 2782 meliores
423 2727 643 2799 descripserant,
667 2744 725 2779 ιιοιι
744 2727 860 2799 exiguus
881 2736 980 2798 stupor
1025 2743 1108 2778 nemo
1127 2725 1228 2792 tradit,
1243 2725 1292 2780 sed
1309 2726 1470 2782 Heraclides
1484 2727 1620 2795 Lembus,
1637 2729 1799 2800 amplissimi

204 2817 332 2880 accessit,
347 2813 423 2868 uude
442 2831 513 2886 saepe
527 2831 646 2867 numero
658 2813 735 2867 ABC
748 2811 900 2867 futilissima
914 2813 981 2890 vitia
1026 2813 1212 2866 Historiarum
1232 2813 1326 2884 operis
1353 2823 1462 2880 auctor,
1488 2813 1605 2886 intelligi
1631 2812 1735 2883 debet,
1759 2817 1799 2867 uti

205 2901 339 2968 olferunt,
354 2899 488 2973 aquibus
505 2901 642 2954 immunes
652 2909 717 2953 sunt
728 2899 792 2952 libri
809 2897 979 2967 deteriores,
1025 2909 1089 2970 post
1102 2900 1253 2953 Meursium
1264 2908 1421 2953 statuerunt
1433 2900 1584 2953 Houlezius
1597 2899 1634 2975 (l.
1651 2901 1713 2974 l.p.
1726 2901 1798 2974 27),
1887 2908 1888 2911 ’

205 3005 326 3059 quorum
336 2986 496 3040 auctoritati
507 2985 583 3040 haud
595 3003 660 3040 raro
672 2984 885 3057 obsequendum
896 2985 959 3039 fuit.
968 3009 980 3033 ι
1025 2987 1183 3040 Desvvertus
1197 2983 1226 3060 (l.
1242 2985 1262 3038 l.
1278 3003 1307 3056 p.
1324 2985 1374 3038 161
1387 2983 1395 3057 )
1406 2984 1588 3051 ,Welclsenrs
1600 2983 1611 3058 (
1624 2987 1673 3040 lit
1686 2987 1800 3054 Schrif-

206 3074 345 3128 Hactenus
359 3071 394 3126 de
408 3073 516 3126 ratione
528 3071 660 3126 codicum
674 3071 914 3128 Schueidewinus.
1026 3086 1071 3127 ten
1088 3075 1117 3141 I,
1141 3092 1173 3147 p.
1189 3071 1245 3138 458
1256 3074 1279 3147 l,
1301 3073 1359 3129 alii.
1381 3070 1465 3143 Quod
1479 3072 1583 3127 deinde
1597 3074 1733 3130 Koelerus
1748 3087 1802 3130 sta-

245 3157 982 3232 Hestatutvideamus,quiddesragmentorumindole
1027 3161 1081 3214 tuit
1097 3170 1228 3232 excerpta
1244 3171 1388 3213 nostraex
1406 3159 1535 3230 pluribus
1554 3160 1665 3232 scriptis
1678 3160 1801 3216 conflata
1887 3140 1888 3153 λ

208 3257 236 3301 et
250 3247 360 3320 origiue
369 3247 423 3300 viri
436 3245 513 3300 docti
528 3256 666 3300 censeant.
685 3247 793 3300 Primus
803 3247 832 3299 iu
840 3245 913 3300 hanc
921 3263 982 3299 rem
1027 3265 1101 3318 esse,
1116 3249 1165 3302 etsi
1176 3265 1275 3301 verum
1284 3248 1456 3314 luerit,uon
1468 3257 1560 3301 tamen
1575 3241 1726 3302 exeoboc
1736 3267 1802 3303 con·
1887 3286 1888 3309 .

207 3331 351 3402 inquisivit
371 3332 528 3386 Kcuusuus.
545 3332 602 3402 Qui
623 3349 685 3403 quae
698 3332 842 3386 verbosius
855 3331 982 3404 disputa-
1026 3335 1163 3405 sequitur,
1183 3333 1262 3405 quod
1276 3334 1364 3388 multa
1378 3334 1409 3389 in
1421 3331 1518 3386 libello
1532 3344 1801 3402 commemorantur,

208 3418 261 3485 vit,
272 3435 304 3472 ca
316 3417 413 3488 paucis
424 3417 673 3489 comprehendam.
688 3418 854 3472 Heracliden
871 3427 981 3487 nostra,
1027 3421 1134 3492 quaead
1142 3439 1187 3475 res
1199 3421 1327 3494 politicas
1333 3419 1408 3474 haud
1414 3421 1543 3492 proxime
1551 3421 1719 3492 pertincant.
1734 3425 1801 3477 Nam

208 3505 262 3570 ait,
278 3502 381 3558 diversi
394 3515 460 3558 sunt
476 3505 606 3576 generis:
621 3505 676 3558 alia
695 3521 795 3558 eorum
812 3505 981 3576 fragmenta,
1027 3509 1050 3562 si
1061 3507 1215 3581 fragmenta
1227 3508 1390 3562 Politiarum
1403 3507 1625 3561 Aristoteliamm
1634 3507 1802 3580 pervoluta·

208 3591 261 3649 ulia
278 3591 413 3662 epitomas
427 3589 521 3644 dicere
534 3591 599 3646 licet
609 3610 618 3658 ;
629 3591 720 3644 inillis
731 3591 821 3646 oratio
838 3590 982 3658 disertior,
1028 3595 1114 3662 veris,
1132 3595 1241 3649 videbis
1259 3604 1369 3669 partem
1389 3611 1489 3648 eorum
1508 3593 1693 3678 majoremiu
1704 3595 1802 3651 iisdem
1887 3610 1888 3675 j

211 3677 260 3734 bas
274 3678 366 3750 arguit
378 3695 470 3732 senno
480 3677 605 3750 hiulcus,
617 3679 733 3750 pessime
745 3695 845 3744 nexus,
865 3677 985 3732 subinde
1027 3681 1112 3753 plane
1129 3682 1214 3736 rebus
1234 3683 1352 3748 versari,
1376 3681 1487 3752 quasin
1505 3681 1652 3735 Heraclide
1672 3683 1803 3738 Koelerus
1887 3698 1888 3765 ᾗ

210 3764 356 3819 obscurus.
368 3760 456 3818 Causa
467 3763 550 3836 hujus
560 3765 754 3836 inaequalitatis
767 3764 870 3819 idonea
884 3765 929 3818 vix
940 3765 985 3816 in·
1029 3784 1065 3822 ex
1076 3768 1269 3841 geographicis
1277 3769 1392 3839 aliisque
1401 3766 1479 3821 libris
1490 3767 1621 3822 collectas
1631 3785 1689 3822 esse
1700 3780 1801 3825 censet.
1887 3774 1888 3831 l

210 3851 299 3905 veniri
309 3861 401 3924 potest
413 3852 442 3904 ιιι
452 3851 589 3925 languore
602 3871 660 3924 quo
673 3853 866 3924 corripiuntur·
877 3851 985 3906 librarii
1029 3853 1103 3924 Quid
1114 3854 1194 3926 quod
1201 3854 1278 3908 haud
1283 3872 1372 3927 pauca
1378 3852 1516 3924 ejusmodi
1523 3856 1553 3908 iu
1563 3847 1714 3910 Heraclide
1722 3857 1802 3911 obvia

212 3941 243 3994 iu
272 3937 475 4006 describendo,
494 3938 638 4012 diligentia
655 3941 799 4013 paullatim
821 3938 984 4007 deficiente,
1029 3939 1106 4012 apud
1128 3941 1198 3996 alios
1217 3943 1367 4014 scriptores
1385 3958 1420 3995 ex
1438 3941 1592 3997 Aristotelis
1609 3941 1718 3997 Politiis
1739 3962 1803 3998 uar-

211 4025 388 4098 operaenim
403 4024 561 4080 tambrevis
575 4025 670 4098 scripti
685 4024 862 4080 describendi
875 4027 986 4082 nonita
1029 4037 1138 4082 rantur.
1154 4031 1247 4100 Atque
1267 4031 1406 4102 posterius
1426 4029 1504 4083 hoc
1497 4045 1555 4101 ipse
1568 4029 1651 4082 etiam
1672 4031 1803 4085 Kos-lenus
1887 4066 1888 4079 .

212 4127 311 4184 magna
331 4121 405 4178 erat3
427 4121 455 4166 et
473 4121 531 4164 tum
552 4110 692 4166 debuisset
713 4110 857 4184 diligentia
879 4112 985 4168 librarii
1030 4113 1259 4170 animadvertit'
1251 4134 1281 4169 ιιι
1306 4117 1440 4171 ductario
1461 4115 1674 4169 annotationum
1696 4117 1803 4188 aliquot
1887 4168 1888 4195 ,

212 4198 369 4252 minutatim
389 4199 477 4270 magis
492 4199 636 4270 magisque
659 4215 838 4266 evanescere;
861 4199 911 4253 sed
930 4199 986 4254 hoc
1030 4203 1184 4274 anuispost
1198 4201 1292 4257 edito·
1286 4220 1401 4274 ,neque
1414 4211 1509 4256 tamen
1526 4212 1678 4273 propterea
1692 4215 1802 4257 seuten-
1887 4220 1888 4291 ρ

214 4291 313 4337 eontra
327 4293 377 4338 cst.
395 4285 511 4338 Porro'
504 4303 534 4338 ιιι
553 4283 665 4338 delectu
679 4301 774 4338 rerum
788 4294 887 4339 auctor
899 4286 986 4340 libelli
1033 4290 1099 4342 tiam
1109 4288 1242 4356 mutavit,
1250 4288 1300 4344 sed
1311 4288 1366 4342 hoc
1375 4298 1484 4343 mutum
1492 4283 1615 4355 addidit
1625 4289 1803 4344 Heraclidem

213 4370 307 4440 inepte
323 4371 393 4444 egit3
411 4389 476 4426 nam
492 4371 651 4443 gravissima
665 4371 797 4424 omittens
818 4371 847 4426 in
861 4371 987 4426 medium
1031 4375 1702 4443 exAristotelemultainusussuosconvertisse,
1713 4388 1803 4431 auter
1887 4378 1888 4429 l

213 4453 323 4527 profert
341 4457 427 4510 multa
448 4457 584 4511 levissima
598 4466 626 4510 et
639 4474 654 4508 a
674 4455 837 4510 Politiarum
850 4459 987 4530 scriptore
1032 4460 1134 4516 eisdem
1144 4479 1210 4516 cum
1221 4461 1369 4517 Aristotele
1388 4462 1512 4517 lontibus
1525 4478 1574 4516 sua
1592 4459 1804 4536 deprompsisse.

205 4558 331 4624 ‚prorsus
348 4543 451 4609 aliena,
467 4543 553 4596 veluti
569 4543 774 4617 geographica,
786 4543 985 4643 biograpliica,
1066 4548 1250 4602 ’Wrucunus
1273 4545 1327 4624 [in
1348 4547 1450 4605 iiheiu.
1474 4535 1550 4604 Mus.
1581 4549 1637 4602 vol.
1664 4550 1699 4614 V,
1732 4549 1803 4618 1837

215 4628 425 4701 mythologice,
454 4631 644 4702 grammatica.
675 4631 804 4702 Denique
828 4631 851 4685 si
885 4632 985 4687 seriem
1031 4650 1062 4705 p.
1080 4631 1133 4686 113
1160 4651 1209 4705 qq.
1225 4645 1254 4688 et
1271 4633 1360 4688 hinc
1351 4653 1383 4688 m
1398 4634 1600 4690 WelclcersKl
1619 4632 1760 4704 Scleriflen
1774 4636 1802 4701 Ι,
1887 4610 1888 4689 i

215 4725 320 4788 spectas
340 4734 395 4787 qua
412 4717 526 4790 singulae
548 4718 654 4789 politiae
673 4735 702 4772 se
722 4718 884 4790 excipiunt,
904 4719 989 4774 chaos
1032 4715 1299 4794 p.451sqq)cum
1312 4721 1427 4776 Koelero
1440 4731 1553 4776 eatenus
1567 4722 1649 4788 lacit,
1670 4733 1805 4793 quatenus

207 4802 301 4885 'habes
313 4801 460 4856 confusum
472 4813 499 4857 et
513 4803 694 4878 indigestum.
711 4806 824 4860 Frustra
836 4807 941 4878 cogitas
952 4804 988 4860 de
1033 4807 1092 4877 ipse
1110 4823 1225 4877 quoquc
1247 4805 1400 4879 fragmenta
1432 4817 1528 4862 nostra
1552 4825 1588 4860 cx
1613 4807 1805 4879 compluribus

217 4887 317 4942 ordine
330 4887 454 4960 quodam
466 4890 687 4964 chronologico,
705 4891 741 4946 de
755 4893 851 4964 gentili
870 4891 988 4962 conjun-
1035 4891 1189 4946 Heraclidis
1210 4892 1288 4946 libris
1302 4889 1421 4946 conflata
1439 4909 1496 4946 esse
1512 4902 1602 4964 putat.
1624 4892 1725 4948 Libros
1737 4912 1805 4948 sero
1887 4930 1889 4968 ἰ

1887 4716 1888 4767 l

1887 4828 1889 4877 l

1887 4884 1889 4919 ι

218 4985 324 5036 clarum
343 4976 467 5052 gentium
487 4974 635 5046 affinitate,
651 4977 686 5034 de
707 4987 804 5031 mutua
824 4978 989 5032 Politiururn
1036 4979 1101 5031 istos
1113 4979 1183 5033 duos
1196 4980 1370 5050 potissimum
1384 4979 1464 5034 luisse
1479 4981 1557 5048 vult,
1572 4997 1662 5033 uuum
1682 4977 1745 5055 Περὶ
1758 4977 1804 5044 νή·
1887 4971 1889 5013 ²
